
	<record>
		<leader>01374cz   2200253n  4500</leader>
		<controlfield tag="001">n  00093008 </controlfield>
		<controlfield tag="003">DLC</controlfield>
		<controlfield tag="005">20010921071258.0</controlfield>
		<controlfield tag="008">000327n| acannaabn          |a ana      </controlfield>
		<datafield tag="010" ind1=" " ind2=" ">
			<subfield code="a">n  00093008 </subfield>
		</datafield>
		<datafield tag="035" ind1=" " ind2=" ">
			<subfield code="a">(OCoLC)oca05185075</subfield>
		</datafield>
		<datafield tag="040" ind1=" " ind2=" ">
			<subfield code="a">DLC</subfield>
			<subfield code="b">eng</subfield>
			<subfield code="c">DLC</subfield>
			<subfield code="d">OrU</subfield>
		</datafield>
		<datafield tag="111" ind1="2" ind2=" ">
			<subfield code="a">Nuclear Free and Independent Pacific Conference</subfield>
		</datafield>
		<datafield tag="411" ind1="2" ind2=" ">
			<subfield code="a">NFIPC</subfield>
		</datafield>
		<datafield tag="411" ind1="2" ind2=" ">
			<subfield code="a">N.F.I.P. Conference</subfield>
		</datafield>
		<datafield tag="411" ind1="2" ind2=" ">
			<subfield code="a">NFIP Conference</subfield>
		</datafield>
		<datafield tag="411" ind1="2" ind2=" ">
			<subfield code="a">Nuclear Free &amp; Independent Pacific Conference</subfield>
		</datafield>
		<datafield tag="410" ind1="2" ind2=" ">
			<subfield code="a">Nuclear Free and Independent Pacific Movement.</subfield>
			<subfield code="b">Conference</subfield>
		</datafield>
		<datafield tag="511" ind1="2" ind2=" ">
			<subfield code="w">a</subfield>
			<subfield code="a">Nuclear Free Pacific Conference</subfield>
		</datafield>
		<datafield tag="670" ind1=" " ind2=" ">
			<subfield code="a">Report of the 7th Nuclear Free and Independent Pacific Conference 9-13 December 1996 Suva, Fiji, c1997:</subfield>
			<subfield code="b">cover (Nuclear Free &amp; Independent Pacific Conference) p. 1 (7th Conference of the Nuclear Free and Independent Pacific Movement)</subfield>
		</datafield>
		<datafield tag="670" ind1=" " ind2=" ">
			<subfield code="a">Nuclear Free and Independent Pacific Conference, 1983:</subfield>
			<subfield code="b">p. 7 (NFIPC) p. 8 (4th, July 10-20, 1983, Port Vila, Vanuatu)</subfield>
		</datafield>
		<datafield tag="670" ind1=" " ind2=" ">
			<subfield code="a">For a nuclear free and independent Pacific, 1991:</subfield>
			<subfield code="b">cover (6th N.F.I.P. Conference, Aotearoa, 1990)</subfield>
		</datafield>
		<datafield tag="670" ind1=" " ind2=" ">
			<subfield code="a">NFIP Conference--1987 report, 1987:</subfield>
			<subfield code="b">p. 1 (5th NFIP Conference, held in Manila, Nov. 1987) p. 6 (5th Nuclear Free and Independent Pacific Conference)</subfield>
		</datafield>
		<datafield tag="675" ind1=" " ind2=" ">
			<subfield code="a">Nuclear-Free Pacific Conference--1983, 1983: foreword (3rd, held May 10-18, 1980, in Honolulu, Hawaii)</subfield>
		</datafield>
	</record>