
	<record>
		<leader>00433cz   2200145n  4500</leader>
		<controlfield tag="001">n  00907109 </controlfield>
		<controlfield tag="003">DLC</controlfield>
		<controlfield tag="005">20010915071247.0</controlfield>
		<controlfield tag="008">001027n| acannaabn          |a aaa      </controlfield>
		<datafield tag="010" ind1=" " ind2=" ">
			<subfield code="a">n  00907109 </subfield>
		</datafield>
		<datafield tag="035" ind1=" " ind2=" ">
			<subfield code="a">(OCoLC)oca05391409</subfield>
		</datafield>
		<datafield tag="040" ind1=" " ind2=" ">
			<subfield code="a">DLC</subfield>
			<subfield code="b">eng</subfield>
			<subfield code="c">DLC</subfield>
			<subfield code="d">DLC</subfield>
			<subfield code="d">WaU</subfield>
		</datafield>
		<datafield tag="100" ind1="1" ind2=" ">
			<subfield code="a">Razzāqī, Ħujjat</subfield>
		</datafield>
		<datafield tag="400" ind1="1" ind2=" ">
			<subfield code="a">Razzaghi, Hojjat</subfield>
		</datafield>
		<datafield tag="670" ind1=" " ind2=" ">
			<subfield code="a">Bīmhā va umīdʹhā, 1999:</subfield>
			<subfield code="b">t.p. (Ħujjat Razzāqī) p. 4 of cover (Hojjat Razzaghi [in rom.])</subfield>
		</datafield>
	</record>