
	<record>
		<leader>00561nz   2200205n  4500</leader>
		<controlfield tag="001">n  42002886 </controlfield>
		<controlfield tag="003">DLC</controlfield>
		<controlfield tag="005">19840322000000.0</controlfield>
		<controlfield tag="008">830112n| acaaaaaa|          |a ana |||  </controlfield>
		<datafield tag="010" ind1=" " ind2=" ">
			<subfield code="a">n  42002886 </subfield>
		</datafield>
		<datafield tag="040" ind1=" " ind2=" ">
			<subfield code="a">DLC</subfield>
			<subfield code="c">DLC</subfield>
		</datafield>
		<datafield tag="130" ind1=" " ind2="0">
			<subfield code="a">Atomic energy review.</subfield>
			<subfield code="p">Special issue.</subfield>
		</datafield>
		<datafield tag="410" ind1="2" ind2="0">
			<subfield code="a">International Atomic Energy Agency.</subfield>
			<subfield code="t">Atomic energy review.</subfield>
			<subfield code="p">Special issue</subfield>
		</datafield>
		<datafield tag="642" ind1=" " ind2=" ">
			<subfield code="a">no. 7</subfield>
			<subfield code="5">DLC</subfield>
		</datafield>
		<datafield tag="643" ind1=" " ind2=" ">
			<subfield code="a">Vienna</subfield>
			<subfield code="b">International Atomic Energy Agency</subfield>
		</datafield>
		<datafield tag="644" ind1=" " ind2=" ">
			<subfield code="a">f</subfield>
			<subfield code="5">DLC</subfield>
		</datafield>
		<datafield tag="645" ind1=" " ind2=" ">
			<subfield code="a">t</subfield>
			<subfield code="5">DLC</subfield>
		</datafield>
		<datafield tag="646" ind1=" " ind2=" ">
			<subfield code="a">s</subfield>
			<subfield code="5">DLC</subfield>
		</datafield>
		<datafield tag="667" ind1=" " ind2=" ">
			<subfield code="a">Document</subfield>
		</datafield>
		<datafield tag="670" ind1=" " ind2=" ">
			<subfield code="a">Molybdenum, 1980.</subfield>
		</datafield>
	</record>