
	<record>
		<leader>00671cz   2200217n  4500</leader>
		<controlfield tag="001">n  42004507 </controlfield>
		<controlfield tag="003">DLC</controlfield>
		<controlfield tag="005">19930319143544.6</controlfield>
		<controlfield tag="008">830202n| acaaaaaa|          |a ana |||  </controlfield>
		<datafield tag="010" ind1=" " ind2=" ">
			<subfield code="a">n  42004507 </subfield>
		</datafield>
		<datafield tag="040" ind1=" " ind2=" ">
			<subfield code="a">DLC</subfield>
			<subfield code="c">DLC</subfield>
			<subfield code="d">DLC</subfield>
		</datafield>
		<datafield tag="130" ind1=" " ind2="0">
			<subfield code="a">Bibliotheca Athena.</subfield>
		</datafield>
		<datafield tag="430" ind1=" " ind2="0">
			<subfield code="a">Athena, Biblioteca</subfield>
		</datafield>
		<datafield tag="642" ind1=" " ind2=" ">
			<subfield code="a">nuova ser., 4</subfield>
			<subfield code="d">1983-&lt;   &gt;</subfield>
			<subfield code="5">DLC</subfield>
		</datafield>
		<datafield tag="642" ind1=" " ind2=" ">
			<subfield code="a">12</subfield>
			<subfield code="d">&lt;1973   &gt;-1983</subfield>
			<subfield code="5">DLC</subfield>
		</datafield>
		<datafield tag="643" ind1=" " ind2=" ">
			<subfield code="a">Roma</subfield>
			<subfield code="b">Edizioni dell'Ateneo</subfield>
		</datafield>
		<datafield tag="644" ind1=" " ind2=" ">
			<subfield code="a">f</subfield>
			<subfield code="5">DLC</subfield>
		</datafield>
		<datafield tag="645" ind1=" " ind2=" ">
			<subfield code="a">t</subfield>
			<subfield code="5">DLC</subfield>
		</datafield>
		<datafield tag="646" ind1=" " ind2=" ">
			<subfield code="a">s</subfield>
			<subfield code="5">DLC</subfield>
		</datafield>
		<datafield tag="670" ind1=" " ind2=" ">
			<subfield code="a">Grillo, A. Tra filologia e narratologia, c1988:</subfield>
			<subfield code="b">ser. t.p.</subfield>
		</datafield>
		<datafield tag="670" ind1=" " ind2=" ">
			<subfield code="a">Dionysius, P. Dionysii Bassaricon et Gigantiadis fragmenta, 1973:</subfield>
			<subfield code="b">ser. t.p. (Bibliotheca Athena, 12)</subfield>
		</datafield>
	</record>