
	<record>
		<leader>00827nz   2200217n  4500</leader>
		<controlfield tag="001">n  42009212 </controlfield>
		<controlfield tag="003">DLC</controlfield>
		<controlfield tag="005">19840322000000.0</controlfield>
		<controlfield tag="008">830218n| acaaaaaa|          |a ana |||  </controlfield>
		<datafield tag="010" ind1=" " ind2=" ">
			<subfield code="a">n  42009212 </subfield>
		</datafield>
		<datafield tag="040" ind1=" " ind2=" ">
			<subfield code="a">DLC</subfield>
			<subfield code="c">DLC</subfield>
		</datafield>
		<datafield tag="050" ind1=" " ind2=" ">
			<subfield code="a">QL401</subfield>
			<subfield code="b">.H3</subfield>
		</datafield>
		<datafield tag="130" ind1=" " ind2="0">
			<subfield code="a">Occasional papers on mollusks.</subfield>
		</datafield>
		<datafield tag="410" ind1="2" ind2="0">
			<subfield code="w">nna</subfield>
			<subfield code="a">Harvard University.</subfield>
			<subfield code="b">Museum of Comparative Zoology.</subfield>
			<subfield code="b">Dept. of Mollusks.</subfield>
			<subfield code="t">Occasional papers on mollusks</subfield>
		</datafield>
		<datafield tag="642" ind1=" " ind2=" ">
			<subfield code="a">v. 4, no. 60</subfield>
			<subfield code="5">DLC</subfield>
		</datafield>
		<datafield tag="643" ind1=" " ind2=" ">
			<subfield code="a">Cambridge, Mass.</subfield>
			<subfield code="b">Dept. of Mollusks, Museum of Comparative Zoölogy, Harvard Univ.</subfield>
		</datafield>
		<datafield tag="644" ind1=" " ind2=" ">
			<subfield code="a">n</subfield>
			<subfield code="d">items processed after Sept. 30, 1983</subfield>
			<subfield code="5">DLC</subfield>
		</datafield>
		<datafield tag="644" ind1=" " ind2=" ">
			<subfield code="a">f</subfield>
			<subfield code="d">items processed before Oct. 1, 1983</subfield>
			<subfield code="5">DLC</subfield>
		</datafield>
		<datafield tag="645" ind1=" " ind2=" ">
			<subfield code="a">t</subfield>
			<subfield code="5">DLC</subfield>
		</datafield>
		<datafield tag="646" ind1=" " ind2=" ">
			<subfield code="a">c</subfield>
			<subfield code="5">DLC</subfield>
		</datafield>
		<datafield tag="670" ind1=" " ind2=" ">
			<subfield code="a">Johnson, R.I. Recent and fossil Unionacea and Mutelacea (freshwater bivalves) of the Caribbean Islands. 1981.</subfield>
		</datafield>
	</record>