
	<record>
		<leader>01233cz   2200277n  4500</leader>
		<controlfield tag="001">n  42022651 </controlfield>
		<controlfield tag="003">DLC</controlfield>
		<controlfield tag="005">19961025115532.3</controlfield>
		<controlfield tag="008">830328n| acaaaaaa|          |a ana |||  </controlfield>
		<datafield tag="010" ind1=" " ind2=" ">
			<subfield code="a">n  42022651 </subfield>
		</datafield>
		<datafield tag="040" ind1=" " ind2=" ">
			<subfield code="a">DLC</subfield>
			<subfield code="c">DLC</subfield>
			<subfield code="d">DLC</subfield>
		</datafield>
		<datafield tag="130" ind1=" " ind2="0">
			<subfield code="a">Skrifter utgivna av Svenska barnboksinstitutet</subfield>
		</datafield>
		<datafield tag="410" ind1="2" ind2="0">
			<subfield code="w">nnaa</subfield>
			<subfield code="a">Svenska barnboksinstitutet.</subfield>
			<subfield code="t">Skrifter</subfield>
		</datafield>
		<datafield tag="410" ind1="2" ind2="0">
			<subfield code="a">Svenska barnboksinstitutet.</subfield>
			<subfield code="t">Skrifter utgivna av Svenska barnboksinstitutet</subfield>
		</datafield>
		<datafield tag="430" ind1=" " ind2="0">
			<subfield code="a">Studies published by the Swedish Institute for Children's Books</subfield>
		</datafield>
		<datafield tag="430" ind1=" " ind2="0">
			<subfield code="a">Skriter utgivna av Svenska barnboksinstitutet</subfield>
		</datafield>
		<datafield tag="430" ind1=" " ind2="0">
			<subfield code="a">Svenska barnboksinstitutets skriftserie</subfield>
		</datafield>
		<datafield tag="642" ind1=" " ind2=" ">
			<subfield code="a">nr 12</subfield>
			<subfield code="5">DLC</subfield>
		</datafield>
		<datafield tag="643" ind1=" " ind2=" ">
			<subfield code="a">Lund</subfield>
			<subfield code="b">LiberLäromedel</subfield>
			<subfield code="d">some issues</subfield>
		</datafield>
		<datafield tag="644" ind1=" " ind2=" ">
			<subfield code="a">f</subfield>
			<subfield code="5">DLC</subfield>
		</datafield>
		<datafield tag="645" ind1=" " ind2=" ">
			<subfield code="a">t</subfield>
			<subfield code="5">DLC</subfield>
		</datafield>
		<datafield tag="646" ind1=" " ind2=" ">
			<subfield code="a">s</subfield>
			<subfield code="5">DLC</subfield>
		</datafield>
		<datafield tag="670" ind1=" " ind2=" ">
			<subfield code="a">Kåreland, L. Möte med barnlitteraturen, c1980.</subfield>
		</datafield>
		<datafield tag="670" ind1=" " ind2=" ">
			<subfield code="a">Nikolajeva, M. The magic code, c1988:</subfield>
			<subfield code="b">p. 4 of cover (Studies published by the Swedish Institute for Children's Books)</subfield>
		</datafield>
		<datafield tag="670" ind1=" " ind2=" ">
			<subfield code="a">Löfgren, E. Schoolmates of the long-ago, 1993:</subfield>
			<subfield code="b">ser. t.p. (Skriter [sic] utgivna av Svenska barnboksinstitutet)</subfield>
		</datafield>
		<datafield tag="670" ind1=" " ind2=" ">
			<subfield code="a">Läsebok, 1993:</subfield>
			<subfield code="b">p. 1 (Svenska barnboksinstitutets skriftserie) p. 309 (Skrifter utgivna av Svenska barnboksinstitutet)</subfield>
		</datafield>
	</record>