
	<record>
		<leader>00687nz   2200193n  4500</leader>
		<controlfield tag="001">n  42031684 </controlfield>
		<controlfield tag="003">DLC</controlfield>
		<controlfield tag="005">19840322000000.0</controlfield>
		<controlfield tag="008">830425n| acaaaaaa|          |a ana |||  </controlfield>
		<datafield tag="010" ind1=" " ind2=" ">
			<subfield code="a">n  42031684 </subfield>
		</datafield>
		<datafield tag="040" ind1=" " ind2=" ">
			<subfield code="a">DLC</subfield>
			<subfield code="c">DLC</subfield>
		</datafield>
		<datafield tag="130" ind1=" " ind2="0">
			<subfield code="a">Harvard library of computer graphics ... mapping collection.</subfield>
		</datafield>
		<datafield tag="410" ind1="2" ind2="0">
			<subfield code="a">Harvard University.</subfield>
			<subfield code="b">Laboratory for Computer Graphics and Spatial Analysis.</subfield>
			<subfield code="t">Harvard library of computer graphics ... mapping collection</subfield>
		</datafield>
		<datafield tag="642" ind1=" " ind2=" ">
			<subfield code="a">v. 9</subfield>
			<subfield code="5">DLC</subfield>
		</datafield>
		<datafield tag="643" ind1=" " ind2=" ">
			<subfield code="a">Cambridge, Mass.</subfield>
			<subfield code="b">Harvard University, Laboratory for Computer Graphics and Spatial Analysis</subfield>
		</datafield>
		<datafield tag="644" ind1=" " ind2=" ">
			<subfield code="a">f</subfield>
			<subfield code="5">DLC</subfield>
		</datafield>
		<datafield tag="645" ind1=" " ind2=" ">
			<subfield code="a">t</subfield>
			<subfield code="5">DLC</subfield>
		</datafield>
		<datafield tag="646" ind1=" " ind2=" ">
			<subfield code="a">s</subfield>
			<subfield code="5">DLC</subfield>
		</datafield>
		<datafield tag="670" ind1=" " ind2=" ">
			<subfield code="a">Computer graphics hardware, c1980.</subfield>
		</datafield>
	</record>