
	<record>
		<leader>01385cz   2200301n  4500</leader>
		<controlfield tag="001">n  50007677 </controlfield>
		<controlfield tag="003">DLC</controlfield>
		<controlfield tag="005">20010111070244.0</controlfield>
		<controlfield tag="008">800331n| acannaabn          |a aaa      </controlfield>
		<datafield tag="010" ind1=" " ind2=" ">
			<subfield code="a">n  50007677 </subfield>
		</datafield>
		<datafield tag="035" ind1=" " ind2=" ">
			<subfield code="a">(OCoLC)oca00043216</subfield>
		</datafield>
		<datafield tag="040" ind1=" " ind2=" ">
			<subfield code="a">DLC</subfield>
			<subfield code="b">eng</subfield>
			<subfield code="c">DLC</subfield>
			<subfield code="d">DLC</subfield>
			<subfield code="d">OCoLC</subfield>
		</datafield>
		<datafield tag="100" ind1="1" ind2=" ">
			<subfield code="a">Ben-Gurion, David,</subfield>
			<subfield code="d">1886-1973.</subfield>
		</datafield>
		<datafield tag="400" ind1="1" ind2=" ">
			<subfield code="a">Green, David,</subfield>
			<subfield code="d">1886-1973</subfield>
		</datafield>
		<datafield tag="400" ind1="1" ind2=" ">
			<subfield code="a">Yariv, S. S.,</subfield>
			<subfield code="d">1886-1973</subfield>
		</datafield>
		<datafield tag="400" ind1="1" ind2=" ">
			<subfield code="a">Bin Jūriyūn,</subfield>
			<subfield code="d">1886-1973</subfield>
		</datafield>
		<datafield tag="400" ind1="1" ind2=" ">
			<subfield code="a">Ben-Guryon, Daṿid,</subfield>
			<subfield code="d">1886-1973</subfield>
		</datafield>
		<datafield tag="400" ind1="1" ind2=" ">
			<subfield code="a">Grin, Daṿid,</subfield>
			<subfield code="d">1886-1973</subfield>
		</datafield>
		<datafield tag="400" ind1="1" ind2=" ">
			<subfield code="a">Gurion, David Ben-,</subfield>
			<subfield code="d">1886-1973</subfield>
		</datafield>
		<datafield tag="400" ind1="1" ind2=" ">
			<subfield code="a">Guryon, Daṿid Ben-,</subfield>
			<subfield code="d">1886-1973</subfield>
		</datafield>
		<datafield tag="400" ind1="1" ind2=" ">
			<subfield code="a">Gruen, David Joseph,</subfield>
			<subfield code="d">1886-1973</subfield>
		</datafield>
		<datafield tag="400" ind1="1" ind2=" ">
			<subfield code="a">Gryn, David,</subfield>
			<subfield code="d">1886-1973</subfield>
		</datafield>
		<datafield tag="400" ind1="1" ind2=" ">
			<subfield code="a">Ben Gourion,</subfield>
			<subfield code="d">1886-1973</subfield>
		</datafield>
		<datafield tag="400" ind1="1" ind2=" ">
			<subfield code="a">Ben Gourion, David,</subfield>
			<subfield code="d">1886-1973</subfield>
		</datafield>
		<datafield tag="400" ind1="1" ind2=" ">
			<subfield code="a">Grün, David,</subfield>
			<subfield code="d">1886-1973</subfield>
		</datafield>
		<datafield tag="670" ind1=" " ind2=" ">
			<subfield code="a">Teveth, S. Ben-Gurion, 1987:</subfield>
			<subfield code="b">pub. info. (David Joseph Gruen)</subfield>
		</datafield>
		<datafield tag="670" ind1=" " ind2=" ">
			<subfield code="a">Ben Gourion, 1998:</subfield>
			<subfield code="b">cover (David Gryn)</subfield>
		</datafield>
		<datafield tag="670" ind1=" " ind2=" ">
			<subfield code="a">Encyclopedia.com Website, Jan. 10, 2001 : Ben-Gurion, David (1886-1973, Israeli statesman and 1st prime minister (1949-53, 1955-63); b. Poland as David Grün; settled in Palestine 1906, devoted his life to ZIONISM, and was a founder of the Mapai (later Labor) party; during the struggle (1947-48) for independence he headed Israel's defense efforts, and once independence was achieved he became prime minister)</subfield>
		</datafield>
	</record>