
	<record>
		<leader>01446cz   2200277n  4500</leader>
		<controlfield tag="001">n  50025199 </controlfield>
		<controlfield tag="003">DLC</controlfield>
		<controlfield tag="005">19930107083508.0</controlfield>
		<controlfield tag="008">800718n| acannaab|          |a aaa |||  </controlfield>
		<datafield tag="010" ind1=" " ind2=" ">
			<subfield code="a">n  50025199 </subfield>
		</datafield>
		<datafield tag="040" ind1=" " ind2=" ">
			<subfield code="a">DLC</subfield>
			<subfield code="c">DLC</subfield>
			<subfield code="d">DLC</subfield>
			<subfield code="d">MnHi</subfield>
			<subfield code="d">DLC</subfield>
		</datafield>
		<datafield tag="100" ind1="0" ind2="0">
			<subfield code="a">Sitting Bull,</subfield>
			<subfield code="d">1834?-1890</subfield>
		</datafield>
		<datafield tag="400" ind1="0" ind2="0">
			<subfield code="w">nnaa</subfield>
			<subfield code="a">Sitting Bull,</subfield>
			<subfield code="c">Dakota chief,</subfield>
			<subfield code="d">1831-1890</subfield>
		</datafield>
		<datafield tag="400" ind1="0" ind2="0">
			<subfield code="a">Tatanka Yotanka,</subfield>
			<subfield code="d">1834?-1890</subfield>
		</datafield>
		<datafield tag="400" ind1="0" ind2="0">
			<subfield code="a">Tatanka Iyotake,</subfield>
			<subfield code="d">1834?-1890</subfield>
		</datafield>
		<datafield tag="400" ind1="0" ind2="0">
			<subfield code="a">Four Horn,</subfield>
			<subfield code="d">1834?-1890</subfield>
		</datafield>
		<datafield tag="400" ind1="0" ind2="0">
			<subfield code="a">Sitting Buffalo Bull,</subfield>
			<subfield code="d">1834?-1890</subfield>
		</datafield>
		<datafield tag="400" ind1="0" ind2="0">
			<subfield code="a">Tah-ton-ka-he-yo-ta-kah,</subfield>
			<subfield code="d">1834?-1890</subfield>
		</datafield>
		<datafield tag="400" ind1="0" ind2="0">
			<subfield code="a">Tatanka Iyotanka,</subfield>
			<subfield code="d">1834?-1890</subfield>
		</datafield>
		<datafield tag="670" ind1=" " ind2=" ">
			<subfield code="a">Garst, D. S.  Sitting Bull, 1946.</subfield>
		</datafield>
		<datafield tag="670" ind1=" " ind2=" ">
			<subfield code="a">Ency. Amer., 1982:</subfield>
			<subfield code="b">v. 24, p. 852 (Sitting Bull; 1834?-1890; Tatanka Yotanka)</subfield>
		</datafield>
		<datafield tag="670" ind1=" " ind2=" ">
			<subfield code="a">Ency. Brit.  Microp., 1975:</subfield>
			<subfield code="b">v. 9, p. 243 (Sitting Bull; Tatanka Iyotake; b. ca. 1831)</subfield>
		</datafield>
		<datafield tag="670" ind1=" " ind2=" ">
			<subfield code="a">Hodge, F.W.  Handbook of American Indians, 1910:</subfield>
			<subfield code="b">v. 2, p. 583 (Sitting Bull; Tatanka Yotanka; Sitting Buffalo Bull; name was Four Horn and was chg. to Sitting Bull when he "made medicine" in 1857; b. 1834)</subfield>
		</datafield>
		<datafield tag="670" ind1=" " ind2=" ">
			<subfield code="a">WWWAm, hist. vol., p. 485</subfield>
			<subfield code="b">(Sitting Bull; b. ca. 1834)</subfield>
		</datafield>
		<datafield tag="670" ind1=" " ind2=" ">
			<subfield code="a">MnHi files</subfield>
			<subfield code="b">(hdg: Sitting Bull, Dakota chief, 1837-1890; Sitting Bull, Dakota chief, 1837?-1890)</subfield>
		</datafield>
		<datafield tag="670" ind1=" " ind2=" ">
			<subfield code="a">U.S. Dept. of the Interior.  Lib.  Biog. and hist. index of Am. Indians ... 1966:</subfield>
			<subfield code="b">v. 7, p. 372-375 (Sitting Bull; Tah-ton-ka-he-yo-ta-kah; Tatanka Iyotanka; Tatanka Yotanka)</subfield>
		</datafield>
	</record>