
	<record>
		<leader>00463cz   2200145n  4500</leader>
		<controlfield tag="001">n  50035799 </controlfield>
		<controlfield tag="003">DLC</controlfield>
		<controlfield tag="005">20010915071354.0</controlfield>
		<controlfield tag="008">800728n| acannaabn          |a ana      </controlfield>
		<datafield tag="010" ind1=" " ind2=" ">
			<subfield code="a">n  50035799 </subfield>
		</datafield>
		<datafield tag="035" ind1=" " ind2=" ">
			<subfield code="a">(OCoLC)oca00071073</subfield>
		</datafield>
		<datafield tag="040" ind1=" " ind2=" ">
			<subfield code="a">DLC</subfield>
			<subfield code="b">eng</subfield>
			<subfield code="c">DLC</subfield>
			<subfield code="d">OCoLC</subfield>
		</datafield>
		<datafield tag="110" ind1="2" ind2=" ">
			<subfield code="a">University of Pittsburgh.</subfield>
			<subfield code="b">Research Office of Sociology</subfield>
		</datafield>
		<datafield tag="410" ind1="1" ind2=" ">
			<subfield code="w">nnaa</subfield>
			<subfield code="a">Pittsburgh.</subfield>
			<subfield code="b">University.</subfield>
			<subfield code="b">Research Office of Sociology</subfield>
		</datafield>
		<datafield tag="670" ind1=" " ind2=" ">
			<subfield code="a">Its The implications for arms control ... 1971.</subfield>
		</datafield>
	</record>