
	<record>
		<leader>00498cz   2200169n  4500</leader>
		<controlfield tag="001">n  50036871 </controlfield>
		<controlfield tag="003">DLC</controlfield>
		<controlfield tag="005">20010709144901.0</controlfield>
		<controlfield tag="008">800709n| acannaabn          |a aaa      </controlfield>
		<datafield tag="010" ind1=" " ind2=" ">
			<subfield code="a">n  50036871 </subfield>
		</datafield>
		<datafield tag="035" ind1=" " ind2=" ">
			<subfield code="a">(OCoLC)oca00072117</subfield>
		</datafield>
		<datafield tag="040" ind1=" " ind2=" ">
			<subfield code="a">DLC</subfield>
			<subfield code="b">eng</subfield>
			<subfield code="c">DLC</subfield>
			<subfield code="d">MoSU-L</subfield>
			<subfield code="d">OCoLC</subfield>
			<subfield code="d">DLC</subfield>
		</datafield>
		<datafield tag="100" ind1="1" ind2=" ">
			<subfield code="a">Abu-Lughod, Ibrahim A.</subfield>
		</datafield>
		<datafield tag="400" ind1="1" ind2=" ">
			<subfield code="a">Abū Lughd, Ibrāhīm</subfield>
		</datafield>
		<datafield tag="670" ind1=" " ind2=" ">
			<subfield code="a">His Arab rediscovery of Europe ... 1959.</subfield>
		</datafield>
		<datafield tag="670" ind1=" " ind2=" ">
			<subfield code="a">Palestinian rights, 1982:</subfield>
			<subfield code="b">t.p. (Ibrahim Abu-Lughod)</subfield>
		</datafield>
		<datafield tag="678" ind1=" " ind2=" ">
			<subfield code="a">b. 1929;</subfield>
			<subfield code="a">Ph.D.</subfield>
		</datafield>
	</record>