
	<record>
		<leader>00608cz   2200169n  4500</leader>
		<controlfield tag="001">n  50041185 </controlfield>
		<controlfield tag="003">DLC</controlfield>
		<controlfield tag="005">20010531071314.0</controlfield>
		<controlfield tag="008">800728n| acannaabn          |n aaa      </controlfield>
		<datafield tag="010" ind1=" " ind2=" ">
			<subfield code="a">n  50041185 </subfield>
		</datafield>
		<datafield tag="035" ind1=" " ind2=" ">
			<subfield code="a">(OCoLC)oca00076373</subfield>
		</datafield>
		<datafield tag="040" ind1=" " ind2=" ">
			<subfield code="a">DLC</subfield>
			<subfield code="c">DLC</subfield>
			<subfield code="d">DLC</subfield>
			<subfield code="d">VtMiM-Mu</subfield>
		</datafield>
		<datafield tag="053" ind1=" " ind2=" ">
			<subfield code="a">PR6053.H8</subfield>
		</datafield>
		<datafield tag="100" ind1="1" ind2=" ">
			<subfield code="a">Churchill, Sarah,</subfield>
			<subfield code="d">1914-</subfield>
		</datafield>
		<datafield tag="670" ind1=" " ind2=" ">
			<subfield code="a">Shakespeare, W.</subfield>
			<subfield code="b">A midsummer night's dream. [Phonodisc] 1962.</subfield>
		</datafield>
		<datafield tag="670" ind1=" " ind2=" ">
			<subfield code="a">Internet movie database WWW site, May 30, 2001</subfield>
			<subfield code="b">(Sarah Churchill; b. Oct. 7, 1914, London, England, d. Sept. 24, 1982; British actress and daughter of Winston Churchill)</subfield>
		</datafield>
		<datafield tag="678" ind1=" " ind2=" ">
			<subfield code="a">Actress</subfield>
		</datafield>
	</record>