
	<record>
		<leader>00722cz   2200145n  4500</leader>
		<controlfield tag="001">n  50041186 </controlfield>
		<controlfield tag="003">DLC</controlfield>
		<controlfield tag="005">19951211164324.1</controlfield>
		<controlfield tag="008">800728n| acannaab|          |n aaa      </controlfield>
		<datafield tag="010" ind1=" " ind2=" ">
			<subfield code="a">n  50041186 </subfield>
		</datafield>
		<datafield tag="040" ind1=" " ind2=" ">
			<subfield code="a">DLC</subfield>
			<subfield code="c">DLC</subfield>
			<subfield code="d">DLC</subfield>
			<subfield code="d">DLC-R</subfield>
			<subfield code="d">DLC</subfield>
		</datafield>
		<datafield tag="100" ind1="1" ind2="0">
			<subfield code="a">Churchill, Winston,</subfield>
			<subfield code="d">1871-1947</subfield>
		</datafield>
		<datafield tag="667" ind1=" " ind2=" ">
			<subfield code="a">American novelist; do not confuse with Churchill, Winston, Sir, 1874-1965, the British Prime Minister</subfield>
		</datafield>
		<datafield tag="670" ind1=" " ind2=" ">
			<subfield code="a">Killat, J. Das amerikabild des romanschriftstellers Winston Churchill, 1940.</subfield>
		</datafield>
		<datafield tag="670" ind1=" " ind2=" ">
			<subfield code="a">Burke, W.J. Amer. authors and books : 1640 to the pres. day, c1962</subfield>
			<subfield code="b">(Churchill, Winston, b. St. Louis, Mo., 11-10-1871, d. 03-12-1947; novelist; works include Richard Carvel (1899), The crisis (1901), The crossing (1904), etc.)</subfield>
		</datafield>
	</record>