
	<record>
		<leader>00267cz   2200109n  4500</leader>
		<controlfield tag="001">n  50047083 </controlfield>
		<controlfield tag="003">DLC</controlfield>
		<controlfield tag="005">19890407112409.5</controlfield>
		<controlfield tag="008">800930n| acannaab|          |n ana |||  </controlfield>
		<datafield tag="010" ind1=" " ind2=" ">
			<subfield code="a">n  50047083 </subfield>
		</datafield>
		<datafield tag="040" ind1=" " ind2=" ">
			<subfield code="a">DLC</subfield>
			<subfield code="c">DLC</subfield>
			<subfield code="d">ICU</subfield>
		</datafield>
		<datafield tag="110" ind1="2" ind2="0">
			<subfield code="a">Boston Public Library.</subfield>
			<subfield code="b">Ticknor Collection</subfield>
		</datafield>
	</record>