
	<record>
		<leader>00839cz   2200193n  4500</leader>
		<controlfield tag="001">n  50052712 </controlfield>
		<controlfield tag="003">DLC</controlfield>
		<controlfield tag="005">19890717161423.0</controlfield>
		<controlfield tag="008">800820n| acannaab|          |a ana |||  </controlfield>
		<datafield tag="010" ind1=" " ind2=" ">
			<subfield code="a">n  50052712 </subfield>
		</datafield>
		<datafield tag="040" ind1=" " ind2=" ">
			<subfield code="a">DLC</subfield>
			<subfield code="c">DLC</subfield>
			<subfield code="d">DLC</subfield>
		</datafield>
		<datafield tag="110" ind1="2" ind2="0">
			<subfield code="a">WETA-TV (Television station : Washington, D.C.)</subfield>
		</datafield>
		<datafield tag="410" ind1="2" ind2="0">
			<subfield code="a">WETA (Television station : Washington, D.C.)</subfield>
		</datafield>
		<datafield tag="410" ind1="2" ind2="0">
			<subfield code="a">Greater Washington Educational Telecommunications Association.</subfield>
			<subfield code="b">WETA-TV (Television station)</subfield>
		</datafield>
		<datafield tag="410" ind1="2" ind2="0">
			<subfield code="a">WETA-TV (Television station : Arlington, Va.)</subfield>
		</datafield>
		<datafield tag="667" ind1=" " ind2=" ">
			<subfield code="a">Old catalog hdg.: WETA-TV (Television station) Washington, D.C.</subfield>
		</datafield>
		<datafield tag="670" ind1=" " ind2=" ">
			<subfield code="a">Roberta Flack. [MP] 1971.</subfield>
		</datafield>
		<datafield tag="670" ind1=" " ind2=" ">
			<subfield code="a">Dial WETA, Feb. 1988:</subfield>
			<subfield code="b">p. 5 (Greater Washington Educational Telecommunications Association; WETA, Channel 26)</subfield>
		</datafield>
		<datafield tag="670" ind1=" " ind2=" ">
			<subfield code="a">Phone call to station, 7/18/88</subfield>
			<subfield code="b">(station is located in Arlington, Va.)</subfield>
		</datafield>
	</record>