
	<record>
		<leader>01297dz   2200265n  4500</leader>
		<controlfield tag="001">n  50053103 </controlfield>
		<controlfield tag="003">DLC</controlfield>
		<controlfield tag="005">19930209154014.3</controlfield>
		<controlfield tag="008">800923n| acannaab|          |a ana |||  </controlfield>
		<datafield tag="010" ind1=" " ind2=" ">
			<subfield code="a">n  50053103 </subfield>
		</datafield>
		<datafield tag="040" ind1=" " ind2=" ">
			<subfield code="a">DLC</subfield>
			<subfield code="c">DLC</subfield>
			<subfield code="d">DLC</subfield>
		</datafield>
		<datafield tag="110" ind1="2" ind2="0">
			<subfield code="a">NASA John F. Kennedy Space Center</subfield>
		</datafield>
		<datafield tag="410" ind1="2" ind2="0">
			<subfield code="a">John F. Kennedy Space Center, NASA</subfield>
		</datafield>
		<datafield tag="410" ind1="0" ind2="0">
			<subfield code="a">Kennedy (John F.) Space Center, NASA</subfield>
		</datafield>
		<datafield tag="410" ind1="1" ind2="0">
			<subfield code="a">United States.</subfield>
			<subfield code="b">National Aeronautics and Space Administration.</subfield>
			<subfield code="b">NASA John F. Kennedy Space Center</subfield>
		</datafield>
		<datafield tag="410" ind1="1" ind2="0">
			<subfield code="a">United States.</subfield>
			<subfield code="b">National Aeronautics and Space Administration.</subfield>
			<subfield code="b">Launch Operations Center, Merritt Island</subfield>
		</datafield>
		<datafield tag="410" ind1="2" ind2="0">
			<subfield code="w">nnaa</subfield>
			<subfield code="a">John F. Kennedy Space Center, NASA, Merritt Island</subfield>
		</datafield>
		<datafield tag="410" ind1="2" ind2="0">
			<subfield code="a">N.A.S.A. John F. Kennedy Space Center</subfield>
		</datafield>
		<datafield tag="410" ind1="2" ind2="0">
			<subfield code="a">Kennedy Space Center, NASA</subfield>
		</datafield>
		<datafield tag="410" ind1="2" ind2="0">
			<subfield code="a">NASA Kennedy Space Center</subfield>
		</datafield>
		<datafield tag="667" ind1=" " ind2=" ">
			<subfield code="a">Use for the NASA portion of the John F. Kennedy Space Center shared with the Air Force and private contractors</subfield>
		</datafield>
		<datafield tag="670" ind1=" " ind2=" ">
			<subfield code="a">Blazquez, C.H. Aerial color infrared photography, 1980:</subfield>
			<subfield code="b">t.p. (NASA John F. Kennedy Space Center) [info from GPO]</subfield>
		</datafield>
		<datafield tag="670" ind1=" " ind2=" ">
			<subfield code="a">Shuttle countdown (LPS), c1991- :</subfield>
			<subfield code="b">v. 2, t.p., in NASA logo (NASA Kennedy Space Center)</subfield>
		</datafield>
		<datafield tag="670" ind1=" " ind2=" ">
			<subfield code="a">U.S. govt. man., 1990/91:</subfield>
			<subfield code="b">p. 627, under NASA (John F. Kennedy Space Center)</subfield>
		</datafield>
		<datafield tag="678" ind1=" " ind2=" ">
			<subfield code="a">name adopted 1963</subfield>
		</datafield>
	</record>