
	<record>
		<leader>00597cz   2200181n  4500</leader>
		<controlfield tag="001">n  50057803 </controlfield>
		<controlfield tag="003">DLC</controlfield>
		<controlfield tag="005">19840608162319.3</controlfield>
		<controlfield tag="008">801002n| acannaab|          |a ana |||  </controlfield>
		<datafield tag="010" ind1=" " ind2=" ">
			<subfield code="a">n  50057803 </subfield>
		</datafield>
		<datafield tag="040" ind1=" " ind2=" ">
			<subfield code="a">DLC</subfield>
			<subfield code="c">DLC</subfield>
			<subfield code="d">DLC</subfield>
		</datafield>
		<datafield tag="110" ind1="2" ind2="0">
			<subfield code="a">United Press International.</subfield>
		</datafield>
		<datafield tag="410" ind1="2" ind2="0">
			<subfield code="a">UPI</subfield>
		</datafield>
		<datafield tag="410" ind1="2" ind2="0">
			<subfield code="a">U.P.I.</subfield>
		</datafield>
		<datafield tag="510" ind1="2" ind2="0">
			<subfield code="w">a</subfield>
			<subfield code="a">International News Service</subfield>
		</datafield>
		<datafield tag="510" ind1="2" ind2="0">
			<subfield code="w">a</subfield>
			<subfield code="a">United Press Associations</subfield>
		</datafield>
		<datafield tag="670" ind1=" " ind2=" ">
			<subfield code="a">Its Four days, 1964.</subfield>
		</datafield>
		<datafield tag="670" ind1=" " ind2=" ">
			<subfield code="a">Encyc. of Amer. assoc., 1961</subfield>
			<subfield code="b">(United Press International (UPI), New York; formed 1958 by merger of United Press Associations and International News Service)</subfield>
		</datafield>
	</record>