
	<record>
		<leader>00578cz   2200181n  4500</leader>
		<controlfield tag="001">n  50057864 </controlfield>
		<controlfield tag="003">DLC</controlfield>
		<controlfield tag="005">19900809094710.2</controlfield>
		<controlfield tag="008">801002n| acannaab|          |a ana |||  </controlfield>
		<datafield tag="010" ind1=" " ind2=" ">
			<subfield code="a">n  50057864 </subfield>
			<subfield code="z">n  90679481 </subfield>
		</datafield>
		<datafield tag="040" ind1=" " ind2=" ">
			<subfield code="a">DLC</subfield>
			<subfield code="c">DLC</subfield>
			<subfield code="d">DLC</subfield>
		</datafield>
		<datafield tag="110" ind1="2" ind2="0">
			<subfield code="a">Letniĭ dvoret︠s︡ Petra I</subfield>
		</datafield>
		<datafield tag="410" ind1="2" ind2="0">
			<subfield code="a">Summer Palace of Peter the Great</subfield>
		</datafield>
		<datafield tag="410" ind1="1" ind2="0">
			<subfield code="w">nnaa</subfield>
			<subfield code="a">Leningrad.</subfield>
			<subfield code="b">Letniĭ dvoret︠s︡ Petra I</subfield>
		</datafield>
		<datafield tag="410" ind1="2" ind2="0">
			<subfield code="a">Letniĭ dvoret︠s︡-muzeĭ Petra I</subfield>
		</datafield>
		<datafield tag="410" ind1="2" ind2="0">
			<subfield code="a">Letniĭ dvoret︠s︡ Petra Pervogo</subfield>
		</datafield>
		<datafield tag="667" ind1=" " ind2=" ">
			<subfield code="a">Located in Leningrad.</subfield>
		</datafield>
		<datafield tag="670" ind1=" " ind2=" ">
			<subfield code="a">Kuznet︠s︡ova, O. N.</subfield>
			<subfield code="b">Letniĭ dvoret︠s︡ Petra I, 1957.</subfield>
		</datafield>
	</record>