
	<record>
		<leader>00899cz   2200229n  4500</leader>
		<controlfield tag="001">n  50065614 </controlfield>
		<controlfield tag="003">DLC</controlfield>
		<controlfield tag="005">20001013070356.0</controlfield>
		<controlfield tag="008">801126n| acannaabn          |a ana      </controlfield>
		<datafield tag="010" ind1=" " ind2=" ">
			<subfield code="a">n  50065614 </subfield>
		</datafield>
		<datafield tag="035" ind1=" " ind2=" ">
			<subfield code="a">(OCoLC)oca00099831</subfield>
		</datafield>
		<datafield tag="040" ind1=" " ind2=" ">
			<subfield code="a">DLC</subfield>
			<subfield code="c">DLC</subfield>
			<subfield code="d">ViBlbV</subfield>
		</datafield>
		<datafield tag="110" ind1="2" ind2=" ">
			<subfield code="a">Arabian American Oil Company.</subfield>
		</datafield>
		<datafield tag="410" ind1="2" ind2=" ">
			<subfield code="a">California Arabian Standard Oil Company</subfield>
		</datafield>
		<datafield tag="410" ind1="2" ind2=" ">
			<subfield code="a">Aramco</subfield>
		</datafield>
		<datafield tag="410" ind1="2" ind2=" ">
			<subfield code="a">Sharikat al-Zayt al-ʿArabīyah al-Amrīkīyah</subfield>
		</datafield>
		<datafield tag="410" ind1="2" ind2=" ">
			<subfield code="a">Sharikat Arāmkū</subfield>
		</datafield>
		<datafield tag="510" ind1="2" ind2=" ">
			<subfield code="w">b</subfield>
			<subfield code="a">Saudi Aramco</subfield>
		</datafield>
		<datafield tag="667" ind1=" " ind2=" ">
			<subfield code="a">The following heading for an earlier name is a valid AACR 2 heading: California Arabian Standard Oil Company</subfield>
		</datafield>
		<datafield tag="670" ind1=" " ind2=" ">
			<subfield code="a">Its Summary of Middle East ... 1947?</subfield>
		</datafield>
		<datafield tag="670" ind1=" " ind2=" ">
			<subfield code="a">Saudi Aramco world, July/Aug. 2000:</subfield>
			<subfield code="b">mailing cover (Saudi Aramco (the Saudi Arabian Oil Company), succeeded Aramco (the Arabian American Oil Company) fully 12 years ago)</subfield>
		</datafield>
		<datafield tag="678" ind1=" " ind2=" ">
			<subfield code="a">established in 1933</subfield>
		</datafield>
	</record>