
	<record>
		<leader>00450nz   2200157n  4500</leader>
		<controlfield tag="001">n  50066762 </controlfield>
		<controlfield tag="003">DLC</controlfield>
		<controlfield tag="005">19840322000000.0</controlfield>
		<controlfield tag="008">801119n| acannaab|          |a ana |||  </controlfield>
		<datafield tag="010" ind1=" " ind2=" ">
			<subfield code="a">n  50066762 </subfield>
		</datafield>
		<datafield tag="040" ind1=" " ind2=" ">
			<subfield code="a">DLC</subfield>
			<subfield code="c">DLC</subfield>
		</datafield>
		<datafield tag="110" ind1="2" ind2="0">
			<subfield code="a">Brooklyn Public Library.</subfield>
		</datafield>
		<datafield tag="410" ind1="1" ind2="0">
			<subfield code="a">Brooklyn (New York, N.Y.).</subfield>
			<subfield code="b">Brooklyn Public Library</subfield>
		</datafield>
		<datafield tag="410" ind1="1" ind2="0">
			<subfield code="a">Brooklyn (New York, N.Y.).</subfield>
			<subfield code="b">Public Library</subfield>
		</datafield>
		<datafield tag="410" ind1="1" ind2="0">
			<subfield code="w">nnaa</subfield>
			<subfield code="a">Brooklyn.</subfield>
			<subfield code="b">Public Library</subfield>
		</datafield>
		<datafield tag="678" ind1=" " ind2=" ">
			<subfield code="a">opened in 1897</subfield>
		</datafield>
	</record>