
	<record>
		<leader>01435cz   2200229n  4500</leader>
		<controlfield tag="001">n  50069795 </controlfield>
		<controlfield tag="003">DLC</controlfield>
		<controlfield tag="005">20010417071533.0</controlfield>
		<controlfield tag="008">810402n| acannaabn          |b ana      </controlfield>
		<datafield tag="010" ind1=" " ind2=" ">
			<subfield code="a">n  50069795 </subfield>
		</datafield>
		<datafield tag="035" ind1=" " ind2=" ">
			<subfield code="a">(OCoLC)oca00103846</subfield>
		</datafield>
		<datafield tag="040" ind1=" " ind2=" ">
			<subfield code="a">DLC</subfield>
			<subfield code="c">DLC</subfield>
			<subfield code="d">MdU</subfield>
		</datafield>
		<datafield tag="111" ind1="2" ind2=" ">
			<subfield code="a">IEEE Power Electronics Specialists Conference</subfield>
		</datafield>
		<datafield tag="411" ind1="2" ind2=" ">
			<subfield code="a">PESC</subfield>
		</datafield>
		<datafield tag="411" ind1="2" ind2=" ">
			<subfield code="a">Power Electronics Specialists Conference</subfield>
		</datafield>
		<datafield tag="411" ind1="2" ind2=" ">
			<subfield code="a">IEEE ... Annual Power Electronics Specialists Conference</subfield>
		</datafield>
		<datafield tag="411" ind1="2" ind2=" ">
			<subfield code="a">IEEE ... Comhdháil Bhliantúil na Saineolaithe ar Leictreonaic Chumhachta</subfield>
		</datafield>
		<datafield tag="511" ind1="2" ind2=" ">
			<subfield code="w">nnnd</subfield>
			<subfield code="a">Power Conditioning Specialists Conference</subfield>
		</datafield>
		<datafield tag="511" ind1="2" ind2=" ">
			<subfield code="w">nnnd</subfield>
			<subfield code="a">IEEE Power Processing and Electronics Specialists Conference</subfield>
		</datafield>
		<datafield tag="665" ind1=" " ind2=" ">
			<subfield code="a">Publications of this series of meetings are found under the following headings:</subfield>
			<subfield code="a">1970-1971: Power Conditioning Specialists Conference.</subfield>
			<subfield code="a">1972: IEEE Power Processing and Electronics Specialists Conference.</subfield>
			<subfield code="a">1974- : IEEE Power Electronics Specialists Conference.</subfield>
			<subfield code="a">SUBJECT ENTRY: Works about this conference are entered under the name used at the time of publication.</subfield>
		</datafield>
		<datafield tag="670" ind1=" " ind2=" ">
			<subfield code="a">Its PESC '74 record, c1974.</subfield>
		</datafield>
		<datafield tag="670" ind1=" " ind2=" ">
			<subfield code="a">Its Conference proceedings, 2000:</subfield>
			<subfield code="b"> v. 1 t.p. (IEEE 31st Annual Power Electronics Specialists Conference; IEEE 31ú Comhdháil Bhliantúil na Saineolaithe ar Leictreonaic Chumhachta) p. iii (PESC '00; in Galway; IEEE Power Electronics Specialists Conference; Power Electronics Specialists Conference)</subfield>
		</datafield>
	</record>