
	<record>
		<leader>01455cz   2200301n  4500</leader>
		<controlfield tag="001">n  50069935 </controlfield>
		<controlfield tag="003">DLC</controlfield>
		<controlfield tag="005">20010525093845.0</controlfield>
		<controlfield tag="008">801204n| acannaab           |a ana      </controlfield>
		<datafield tag="010" ind1=" " ind2=" ">
			<subfield code="a">n  50069935 </subfield>
			<subfield code="z">n  82207529 </subfield>
		</datafield>
		<datafield tag="035" ind1=" " ind2=" ">
			<subfield code="a">(OCoLC)oca00103980</subfield>
		</datafield>
		<datafield tag="040" ind1=" " ind2=" ">
			<subfield code="a">DLC</subfield>
			<subfield code="c">DLC</subfield>
			<subfield code="d">DLC</subfield>
			<subfield code="d">DI</subfield>
			<subfield code="d">MoSU-L</subfield>
		</datafield>
		<datafield tag="110" ind1="2" ind2="0">
			<subfield code="a">Cherokee Nation</subfield>
		</datafield>
		<datafield tag="410" ind1="2" ind2="0">
			<subfield code="a">Cherokee Nation of Oklahoma</subfield>
		</datafield>
		<datafield tag="410" ind1="2" ind2="0">
			<subfield code="a">Cherokee Tribe of Indians</subfield>
		</datafield>
		<datafield tag="410" ind1="2" ind2="0">
			<subfield code="a">Cherokee Nation of Indians</subfield>
		</datafield>
		<datafield tag="410" ind1="2" ind2="0">
			<subfield code="a">Old Settlers Cherokees</subfield>
		</datafield>
		<datafield tag="410" ind1="2" ind2="0">
			<subfield code="a">Western Cherokees</subfield>
		</datafield>
		<datafield tag="410" ind1="2" ind2="0">
			<subfield code="a">Old Settler Cherokees</subfield>
		</datafield>
		<datafield tag="410" ind1="2" ind2="0">
			<subfield code="a">Cherokee Tribe of Oklahoma</subfield>
		</datafield>
		<datafield tag="410" ind1="2" ind2="0">
			<subfield code="a">Cherok Nation</subfield>
		</datafield>
		<datafield tag="410" ind1="2" ind2="0">
			<subfield code="a">Cherokee Nation West</subfield>
		</datafield>
		<datafield tag="410" ind1="2" ind2="0">
			<subfield code="a">Cherokee Nation of Indians West</subfield>
		</datafield>
		<datafield tag="670" ind1=" " ind2=" ">
			<subfield code="a">Cherokee Advocate, May 1979 (a.e.)</subfield>
			<subfield code="b">p. 2 (Cherokee Nation of Oklahoma)</subfield>
		</datafield>
		<datafield tag="670" ind1=" " ind2=" ">
			<subfield code="a">Feeling, D. Cherokee-English dictionary, 1975:</subfield>
			<subfield code="b">t.p. (Cherokee Nation of Oklahoma) cover (Cherokee Nation)</subfield>
		</datafield>
		<datafield tag="670" ind1=" " ind2=" ">
			<subfield code="a">Indian affairs, laws and treaties:</subfield>
			<subfield code="b">v. 2, 439, etc. (Cherokee Tribe of Indians; Cherokee Nation of Indians)</subfield>
		</datafield>
		<datafield tag="670" ind1=" " ind2=" ">
			<subfield code="a">Memorial of the Old Settler or Western Cherokee Indians, 1879?:</subfield>
			<subfield code="b">p. 1 (people of the Cherokee Nation, Indian Territory, composing that portion of the people known and recognized by the government as the Old Settlers or Western Cherokees; Old Settler Cherokees)</subfield>
		</datafield>
		<datafield tag="670" ind1=" " ind2=" ">
			<subfield code="a">MoSU-L/Nat. Am. files</subfield>
			<subfield code="b">(usage: Cherokee Tribe of Oklahoma; Cherok Nation; Cherokee Nation West; Cherokee Nation of Indians West)</subfield>
		</datafield>
	</record>