
	<record>
		<leader>01665cz   2200277n  4500</leader>
		<controlfield tag="001">n  50072882 </controlfield>
		<controlfield tag="003">DLC</controlfield>
		<controlfield tag="005">19961211053022.6</controlfield>
		<controlfield tag="008">801215n| acannaab|          |a ana      </controlfield>
		<datafield tag="010" ind1=" " ind2=" ">
			<subfield code="a">n  50072882 </subfield>
		</datafield>
		<datafield tag="040" ind1=" " ind2=" ">
			<subfield code="a">DLC</subfield>
			<subfield code="c">DLC</subfield>
			<subfield code="d">DLC</subfield>
			<subfield code="d">NIC</subfield>
			<subfield code="d">NIC</subfield>
			<subfield code="d">DLC</subfield>
			<subfield code="d">NIC</subfield>
		</datafield>
		<datafield tag="110" ind1="2" ind2="0">
			<subfield code="a">IEEE Control Systems Society</subfield>
		</datafield>
		<datafield tag="410" ind1="2" ind2="0">
			<subfield code="a">Institute of Electrical and Electronics Engineers.</subfield>
			<subfield code="b">Control Systems Society</subfield>
		</datafield>
		<datafield tag="410" ind1="2" ind2="0">
			<subfield code="a">I.E.E.E. Control Systems Society</subfield>
		</datafield>
		<datafield tag="410" ind1="2" ind2="0">
			<subfield code="a">Control Systems Society of the Institute of Electrical and Electronics Engineers</subfield>
		</datafield>
		<datafield tag="410" ind1="2" ind2="0">
			<subfield code="a">IEEE Control System Society</subfield>
		</datafield>
		<datafield tag="410" ind1="2" ind2="0">
			<subfield code="a">Institute of Electrical and Electronics Engineers.</subfield>
			<subfield code="b">Control Systems Chapter</subfield>
		</datafield>
		<datafield tag="411" ind1="2" ind2="0">
			<subfield code="a">CSS</subfield>
		</datafield>
		<datafield tag="411" ind1="2" ind2="0">
			<subfield code="a">IEEE CSS</subfield>
		</datafield>
		<datafield tag="510" ind1="2" ind2="0">
			<subfield code="w">a</subfield>
			<subfield code="a">IEEE Automatic Control Group</subfield>
		</datafield>
		<datafield tag="670" ind1=" " ind2=" ">
			<subfield code="a">System structure, 1971.</subfield>
		</datafield>
		<datafield tag="670" ind1=" " ind2=" ">
			<subfield code="a">Identification and system parameter estimation, 1982, 1983:</subfield>
			<subfield code="b">p. v (Control Systems Society of the Institute of Electrical and Electronics Engineers)</subfield>
		</datafield>
		<datafield tag="670" ind1=" " ind2=" ">
			<subfield code="a">OCLC 1752543: IEEE transactions on automatic control (Feb. 1972- :IEEE Control Systems Society; Jan. 1965- IEEE Automatic Control Group)</subfield>
		</datafield>
		<datafield tag="670" ind1=" " ind2=" ">
			<subfield code="a">First International Conference on "Genetic Algorithms in Engineering Systems: Innovations and Applications", c1995:</subfield>
			<subfield code="b">verso t.p. (Institute of Electrical and Electronics Engineering, Cont[r]ol Systems Chapter)</subfield>
		</datafield>
		<datafield tag="670" ind1=" " ind2=" ">
			<subfield code="a">IEEE/IFAC Joint Symposium on Computer-Aided Control System Design (1994 : Tucson, Ariz.). IEEE/IFAC Joint Symposium ... 1994:</subfield>
			<subfield code="b">t.p. (IEEE Control System Society)</subfield>
		</datafield>
		<datafield tag="670" ind1=" " ind2=" ">
			<subfield code="a">Proceedings of the 1996 IEEE International Symposium on Computer-Aided Control System Design, c1996:</subfield>
			<subfield code="b">t.p. (IEEE Control Systems Society; IEEE CSS)</subfield>
		</datafield>
	</record>