
	<record>
		<leader>00776nz   2200205n  4500</leader>
		<controlfield tag="001">n  50078544 </controlfield>
		<controlfield tag="003">DLC</controlfield>
		<controlfield tag="005">19840322000000.0</controlfield>
		<controlfield tag="008">810114n| acannaab|          |a ana |||  </controlfield>
		<datafield tag="010" ind1=" " ind2=" ">
			<subfield code="a">n  50078544 </subfield>
		</datafield>
		<datafield tag="040" ind1=" " ind2=" ">
			<subfield code="a">DLC</subfield>
			<subfield code="c">DLC</subfield>
		</datafield>
		<datafield tag="110" ind1="1" ind2="0">
			<subfield code="a">United Arab Republic.</subfield>
			<subfield code="b">Wizārat al-Ṣiħħah al-ʿUmūmīyah.</subfield>
		</datafield>
		<datafield tag="410" ind1="1" ind2="0">
			<subfield code="a">United Arab Republic.</subfield>
			<subfield code="b">Ṣiħħah al-ʿUmūmīyah, Wizārat al-</subfield>
		</datafield>
		<datafield tag="410" ind1="1" ind2="0">
			<subfield code="a">United Arab Republic.</subfield>
			<subfield code="b">Ministère de l'hygiène</subfield>
		</datafield>
		<datafield tag="410" ind1="1" ind2="0">
			<subfield code="a">United Arab Republic.</subfield>
			<subfield code="b">Ministry of Public Health</subfield>
		</datafield>
		<datafield tag="410" ind1="1" ind2="0">
			<subfield code="a">United Arab Republic.</subfield>
			<subfield code="b">Public Health, Ministry of</subfield>
		</datafield>
		<datafield tag="510" ind1="1" ind2="0">
			<subfield code="a">Egypt.</subfield>
			<subfield code="b">Wizārat al-Ṣiħħah al-ʿUmūmīyah</subfield>
		</datafield>
		<datafield tag="510" ind1="1" ind2="0">
			<subfield code="a">Egypt.</subfield>
			<subfield code="b">Wizārat al-Ṣiħħah</subfield>
		</datafield>
		<datafield tag="510" ind1="1" ind2="0">
			<subfield code="a">Egypt.</subfield>
			<subfield code="b">Maṣlaħat al-Ṣiħħah al-ʿUmūmīyah</subfield>
		</datafield>
		<datafield tag="667" ind1=" " ind2=" ">
			<subfield code="a">Unused Subdivision: Maktab al-Wazīr</subfield>
		</datafield>
	</record>