
	<record>
		<leader>00601nz   2200157n  4500</leader>
		<controlfield tag="001">n  50081034 </controlfield>
		<controlfield tag="003">DLC</controlfield>
		<controlfield tag="005">19840322000000.0</controlfield>
		<controlfield tag="008">810212n| acannaab|          |b ana |||  </controlfield>
		<datafield tag="010" ind1=" " ind2=" ">
			<subfield code="a">n  50081034 </subfield>
		</datafield>
		<datafield tag="040" ind1=" " ind2=" ">
			<subfield code="a">DLC</subfield>
			<subfield code="c">DLC</subfield>
		</datafield>
		<datafield tag="110" ind1="1" ind2="0">
			<subfield code="a">Great Britain.</subfield>
			<subfield code="b">Parliament.</subfield>
			<subfield code="b">House of Commons.</subfield>
			<subfield code="b">Select Committee on Race Relations and Immigration.</subfield>
		</datafield>
		<datafield tag="410" ind1="1" ind2="0">
			<subfield code="a">Great Britain.</subfield>
			<subfield code="b">Parliament.</subfield>
			<subfield code="b">Select Committee on Race Relations and Immigration</subfield>
		</datafield>
		<datafield tag="410" ind1="1" ind2="0">
			<subfield code="a">Great Britain.</subfield>
			<subfield code="b">Parliament.</subfield>
			<subfield code="b">House of Commons.</subfield>
			<subfield code="b">Race Relations and Immigration, Select Committee on</subfield>
		</datafield>
		<datafield tag="670" ind1=" " ind2=" ">
			<subfield code="a">Its Special report, 1968.</subfield>
		</datafield>
		<datafield tag="678" ind1=" " ind2=" ">
			<subfield code="a">estab. 1968</subfield>
		</datafield>
	</record>