
	<record>
		<leader>02122cz   2200289n  4500</leader>
		<controlfield tag="001">n  50082663 </controlfield>
		<controlfield tag="003">DLC</controlfield>
		<controlfield tag="005">19870105155644.6</controlfield>
		<controlfield tag="008">810216n| acannaab|          |a ana |||  </controlfield>
		<datafield tag="010" ind1=" " ind2=" ">
			<subfield code="a">n  50082663 </subfield>
		</datafield>
		<datafield tag="040" ind1=" " ind2=" ">
			<subfield code="a">DLC</subfield>
			<subfield code="c">DLC</subfield>
			<subfield code="d">DLC</subfield>
		</datafield>
		<datafield tag="110" ind1="1" ind2="0">
			<subfield code="a">United States.</subfield>
			<subfield code="b">Architect of the Capitol.</subfield>
		</datafield>
		<datafield tag="410" ind1="1" ind2="0">
			<subfield code="a">United States.</subfield>
			<subfield code="b">Commissioner of Public Buildings.</subfield>
			<subfield code="b">Architect of the Capitol</subfield>
		</datafield>
		<datafield tag="410" ind1="1" ind2="0">
			<subfield code="a">United States.</subfield>
			<subfield code="b">Congress.</subfield>
			<subfield code="b">Architect of the Capitol</subfield>
		</datafield>
		<datafield tag="410" ind1="1" ind2="0">
			<subfield code="a">United States.</subfield>
			<subfield code="b">Dept. of the Interior.</subfield>
			<subfield code="b">Architect of the Capitol</subfield>
		</datafield>
		<datafield tag="510" ind1="1" ind2="0">
			<subfield code="a">United States.</subfield>
			<subfield code="b">Surveyor of the Capitol</subfield>
		</datafield>
		<datafield tag="510" ind1="1" ind2="0">
			<subfield code="a">United States.</subfield>
			<subfield code="b">Architect of Public Buildings</subfield>
		</datafield>
		<datafield tag="510" ind1="1" ind2="0">
			<subfield code="a">United States.</subfield>
			<subfield code="b">Architect's Office, U.S. Capitol</subfield>
		</datafield>
		<datafield tag="510" ind1="1" ind2="0">
			<subfield code="a">United States.</subfield>
			<subfield code="b">Architect of Extension of Capitol</subfield>
		</datafield>
		<datafield tag="510" ind1="1" ind2="0">
			<subfield code="a">United States.</subfield>
			<subfield code="b">Capitol Extension Office</subfield>
		</datafield>
		<datafield tag="510" ind1="1" ind2="0">
			<subfield code="a">United States.</subfield>
			<subfield code="b">Superintendent of Capitol Buildings and Grounds</subfield>
		</datafield>
		<datafield tag="510" ind1="1" ind2="0">
			<subfield code="a">United States.</subfield>
			<subfield code="b">Architect of Capitol Extension</subfield>
		</datafield>
		<datafield tag="670" ind1=" " ind2=" ">
			<subfield code="a">Its Annual report of the ... July 1, 1975, through Sept. 30, 1976:</subfield>
			<subfield code="b">t.p. (Architect of the Capitol)</subfield>
		</datafield>
		<datafield tag="670" ind1=" " ind2=" ">
			<subfield code="a">U.S. Govt. manual, 1981/82:</subfield>
			<subfield code="b">p. 48 (Architect of the Capitol)</subfield>
		</datafield>
		<datafield tag="670" ind1=" " ind2=" ">
			<subfield code="a">NUCMC data from Library of Congress, Manuscripts Div., for Mills, R. Papers, 1804-1862</subfield>
			<subfield code="b">(Architect of the Capitol)</subfield>
		</datafield>
		<datafield tag="670" ind1=" " ind2=" ">
			<subfield code="a">LC man. auth. cd.</subfield>
			<subfield code="b">(hdg.: United States. Architect of the Capitol; 1817 to Mar. 3, 1843 under the Commissioner of Public Buildings, variously styled Surveyor of the Capitol, Architect of the Capitol, Architect of Public Buildings; 1876 to 1901 under Dept. of the Interior; 1921- , under Dept. of the Interior; United States. Architect of Extension of Capitol, June 11, 1851 under the Dept. of the Interior, Mar. 23, 1853 transferred to War Dept., April 16, 1862 retransferred to Dept. of the Interior, variously styled Capitol Extension Office, Architect of Capitol Extension, and Architect's Office, U.S. Capitol; United States Superintendent of Capitol Buildings and Grounds, 1902-1921; United States. Architect of the Capitol, 1921- )</subfield>
		</datafield>
		<datafield tag="670" ind1=" " ind2=" ">
			<subfield code="a">U.S. Gov't. Man., 1986</subfield>
			<subfield code="b">(Architect of the Capitol; agent for Congress)</subfield>
		</datafield>
	</record>