
	<record>
		<leader>00653cz   2200181n  4500</leader>
		<controlfield tag="001">n  77001374 </controlfield>
		<controlfield tag="003">DLC</controlfield>
		<controlfield tag="005">19900207142825.0</controlfield>
		<controlfield tag="008">770510n| acannaab|          |a ana |||  </controlfield>
		<datafield tag="010" ind1=" " ind2=" ">
			<subfield code="a">n  77001374 </subfield>
		</datafield>
		<datafield tag="040" ind1=" " ind2=" ">
			<subfield code="a">DLC</subfield>
			<subfield code="c">DLC</subfield>
			<subfield code="d">DLC</subfield>
		</datafield>
		<datafield tag="151" ind1=" " ind2="0">
			<subfield code="a">Braunstone (England)</subfield>
		</datafield>
		<datafield tag="451" ind1=" " ind2="0">
			<subfield code="w">nnaa</subfield>
			<subfield code="a">Braunstone, Eng.</subfield>
		</datafield>
		<datafield tag="670" ind1=" " ind2=" ">
			<subfield code="a">Browse, B. Braunstone Advice Centre, 1976 (x-ref.)</subfield>
			<subfield code="b">t.p., etc. (Braunstone)</subfield>
		</datafield>
		<datafield tag="670" ind1=" " ind2=" ">
			<subfield code="a">GB 77-04045</subfield>
		</datafield>
		<datafield tag="670" ind1=" " ind2=" ">
			<subfield code="a">Barthol., 1966</subfield>
			<subfield code="b">(Braunstone, par., on R. Wreak, S. of co. and 2 1/2 m. SW. of Leicester)</subfield>
		</datafield>
		<datafield tag="670" ind1=" " ind2=" ">
			<subfield code="a">Braunstone probate inventories 1532 to 1778, 1983:</subfield>
			<subfield code="b">p. i (Leicestershire parish of Braunstone)</subfield>
		</datafield>
		<datafield tag="675" ind1=" " ind2=" ">
			<subfield code="a">Col.-Lipp., 1961</subfield>
		</datafield>
	</record>