
	<record>
		<leader>01226cz   2200193n  4500</leader>
		<controlfield tag="001">n  77004535 </controlfield>
		<controlfield tag="003">DLC</controlfield>
		<controlfield tag="005">19891020075638.5</controlfield>
		<controlfield tag="008">770718n| acannaab|          |a ana |||  </controlfield>
		<datafield tag="010" ind1=" " ind2=" ">
			<subfield code="a">n  77004535 </subfield>
		</datafield>
		<datafield tag="040" ind1=" " ind2=" ">
			<subfield code="a">DLC</subfield>
			<subfield code="c">DLC</subfield>
			<subfield code="d">DLC</subfield>
		</datafield>
		<datafield tag="110" ind1="2" ind2="0">
			<subfield code="a">IEEE Computer Society.</subfield>
			<subfield code="b">Technical Committee on Data Base Engineering.</subfield>
		</datafield>
		<datafield tag="410" ind1="2" ind2="0">
			<subfield code="a">IEEE Computer Society.</subfield>
			<subfield code="b">Data Base Engineering Technical Committee</subfield>
		</datafield>
		<datafield tag="410" ind1="2" ind2="0">
			<subfield code="a">IEEE Computer Society Technical Committee on Data Base Engineering</subfield>
		</datafield>
		<datafield tag="410" ind1="2" ind2="0">
			<subfield code="a">IEEE CS TC on Data Engineering</subfield>
		</datafield>
		<datafield tag="510" ind1="2" ind2="0">
			<subfield code="w">b</subfield>
			<subfield code="a">IEEE Computer Society.</subfield>
			<subfield code="b">Technical Committee on Database Engineering</subfield>
		</datafield>
		<datafield tag="670" ind1=" " ind2=" ">
			<subfield code="a">Data base engineering, Mar. 1977 (a.e.)</subfield>
			<subfield code="b">cover p. 1 (IEEE Computer Society Technical Committee on Data Base Engineering) cover p. 2 (IEEE Computer Society Technical Committee on Data Base Engineering, also: Data Base Engineering Technical Committee)</subfield>
		</datafield>
		<datafield tag="670" ind1=" " ind2=" ">
			<subfield code="a">International Symposium on Databases in Parallel and Distributed Systems (1988 : Austin, Tex.). Proceedings, International Symposium on Databases ... c1988:</subfield>
			<subfield code="b">t.p. (IEEE CS TC on Data Engineering)</subfield>
		</datafield>
		<datafield tag="675" ind1=" " ind2=" ">
			<subfield code="a">A Quarterly bulletin of the IEEE Computer Society ... Apr. 1979: t.p. (IEEE Computer Society, Technical Committee on Database Engineering)</subfield>
		</datafield>
	</record>