
	<record>
		<leader>00410cz   2200133n  4500</leader>
		<controlfield tag="001">n  77019666 </controlfield>
		<controlfield tag="003">DLC</controlfield>
		<controlfield tag="005">19971122053203.3</controlfield>
		<controlfield tag="008">780109n| acannaab|          |a ana      </controlfield>
		<datafield tag="010" ind1=" " ind2=" ">
			<subfield code="a">n  77019666 </subfield>
		</datafield>
		<datafield tag="035" ind1=" " ind2=" ">
			<subfield code="a">(OCoLC)oca00136058 </subfield>
		</datafield>
		<datafield tag="040" ind1=" " ind2=" ">
			<subfield code="a">DLC</subfield>
			<subfield code="c">DLC</subfield>
			<subfield code="d">OCoLC</subfield>
		</datafield>
		<datafield tag="130" ind1=" " ind2="0">
			<subfield code="a">Doonesbury special</subfield>
		</datafield>
		<datafield tag="670" ind1=" " ind2=" ">
			<subfield code="a">Trudeau, G. B. John &amp; Faith ... c1978 (a.e.)</subfield>
			<subfield code="b">t.p. (A Doonesbury special) verso of t.p. (NBC television special)</subfield>
		</datafield>
	</record>