
	<record>
		<leader>00737nz   2200145n  4500</leader>
		<controlfield tag="001">n  78002540 </controlfield>
		<controlfield tag="003">DLC</controlfield>
		<controlfield tag="005">19840322000000.0</controlfield>
		<controlfield tag="008">780125n| abannaab|          |b ana |||  </controlfield>
		<datafield tag="010" ind1=" " ind2=" ">
			<subfield code="a">n  78002540 </subfield>
		</datafield>
		<datafield tag="040" ind1=" " ind2=" ">
			<subfield code="a">DLC</subfield>
			<subfield code="c">DLC</subfield>
		</datafield>
		<datafield tag="110" ind1="2" ind2="0">
			<subfield code="a">ABA/FRS Check Digit Task Force.</subfield>
		</datafield>
		<datafield tag="410" ind1="2" ind2="0">
			<subfield code="a">American Bankers Association.</subfield>
			<subfield code="b">ABA/FRS Check Digit Task Force</subfield>
		</datafield>
		<datafield tag="410" ind1="1" ind2="0">
			<subfield code="a">United States.</subfield>
			<subfield code="b">Board of Governors of the Federal Reserve System.</subfield>
			<subfield code="b">ABA/FRS Check Digit Task Force</subfield>
		</datafield>
		<datafield tag="670" ind1=" " ind2=" ">
			<subfield code="a">Its Routing number excerpts ... c1977:</subfield>
			<subfield code="b">t.p. (ABA/FRS Check Digit Task Force) p. 3 (American Bankers Association (ABA) and the Federal Reserve System (FRS) in cooperation with the Bank Administration Institute (BAI), established the ABA/FRS Check Digit Task Force in Jan. 1976)</subfield>
		</datafield>
	</record>