
	<record>
		<leader>00511nz   2200133n  4500</leader>
		<controlfield tag="001">n  78005398 </controlfield>
		<controlfield tag="003">DLC</controlfield>
		<controlfield tag="005">19840322000000.0</controlfield>
		<controlfield tag="008">780210n| abannaab|          |b ana |||  </controlfield>
		<datafield tag="010" ind1=" " ind2=" ">
			<subfield code="a">n  78005398 </subfield>
		</datafield>
		<datafield tag="040" ind1=" " ind2=" ">
			<subfield code="a">DLC</subfield>
			<subfield code="c">DLC</subfield>
		</datafield>
		<datafield tag="110" ind1="2" ind2="0">
			<subfield code="a">St. Mary's Albanian Orthodox Church, Worcester, Mass.</subfield>
		</datafield>
		<datafield tag="410" ind1="1" ind2="0">
			<subfield code="a">Worcester, Mass.</subfield>
			<subfield code="b">St. Mary's Albanian Orthodox Church</subfield>
		</datafield>
		<datafield tag="670" ind1=" " ind2=" ">
			<subfield code="a">St. Mary's Alb. Orth. Ch., Worcester, Mass. Ckbk. Com. Albanian cookbook, c1977 (subdiv.)</subfield>
			<subfield code="b">p. 3 (St. Mary's Albanian Orthodox Church, Worcester, Mass.)</subfield>
		</datafield>
	</record>