
	<record>
		<leader>00446nz   2200133n  4500</leader>
		<controlfield tag="001">n  78008740 </controlfield>
		<controlfield tag="003">DLC</controlfield>
		<controlfield tag="005">19840322000000.0</controlfield>
		<controlfield tag="008">780228n| abannaab|          |n aaa |||  </controlfield>
		<datafield tag="010" ind1=" " ind2=" ">
			<subfield code="a">n  78008740 </subfield>
		</datafield>
		<datafield tag="040" ind1=" " ind2=" ">
			<subfield code="a">DLC</subfield>
			<subfield code="c">DLC</subfield>
		</datafield>
		<datafield tag="100" ind1="1" ind2="0">
			<subfield code="a">Kotli︠a︡r, Ada Beniaminovna.</subfield>
		</datafield>
		<datafield tag="670" ind1=" " ind2=" ">
			<subfield code="a">Frumkin, V. D. Dostovernostʹ kontroli︠a︡ sredstv ... 1975 (a.e.)</subfield>
			<subfield code="b">t.p. (A. B. Kotli︠a︡r) colophon (Ada Beniaminovna Kotli︠a︡r)</subfield>
		</datafield>
		<datafield tag="670" ind1=" " ind2=" ">
			<subfield code="a">USSR 75</subfield>
			<subfield code="b">(Kotli︠a︡r, Ada Beniaminovna)</subfield>
		</datafield>
	</record>