
	<record>
		<leader>01536cz   2200265n  4500</leader>
		<controlfield tag="001">n  78015294 </controlfield>
		<controlfield tag="003">DLC</controlfield>
		<controlfield tag="005">19930909085149.1</controlfield>
		<controlfield tag="008">780330n| acannaab|          |a ana |||  </controlfield>
		<datafield tag="010" ind1=" " ind2=" ">
			<subfield code="a">n  78015294 </subfield>
		</datafield>
		<datafield tag="040" ind1=" " ind2=" ">
			<subfield code="a">DLC</subfield>
			<subfield code="c">DLC</subfield>
			<subfield code="d">DLC</subfield>
		</datafield>
		<datafield tag="110" ind1="2" ind2="0">
			<subfield code="a">OCLC</subfield>
		</datafield>
		<datafield tag="410" ind1="2" ind2="0">
			<subfield code="a">OCLC Online Computer Library Center</subfield>
		</datafield>
		<datafield tag="410" ind1="2" ind2="0">
			<subfield code="a">Online Computer Library Center</subfield>
		</datafield>
		<datafield tag="410" ind1="2" ind2="0">
			<subfield code="a">O.C.L.C. (1977- )</subfield>
		</datafield>
		<datafield tag="410" ind1="2" ind2="0">
			<subfield code="w">nnaa</subfield>
			<subfield code="a">OCLC, inc.</subfield>
		</datafield>
		<datafield tag="510" ind1="2" ind2="0">
			<subfield code="w">a</subfield>
			<subfield code="a">Ohio College Library Center</subfield>
		</datafield>
		<datafield tag="667" ind1=" " ind2=" ">
			<subfield code="a">Brief form without qualifier selected as AACR2 heading per Desc. Pol.</subfield>
		</datafield>
		<datafield tag="670" ind1=" " ind2=" ">
			<subfield code="a">FTS call</subfield>
			<subfield code="b">(during Board of Directors annual meeting 12/19-20/77 name was changed from Ohio College Library Center to OCLC, Inc.)</subfield>
		</datafield>
		<datafield tag="670" ind1=" " ind2=" ">
			<subfield code="a">Phone call to Jean Fleming at OCLC 10-5-81</subfield>
			<subfield code="b">(OCLC Online Computer Library Center, Incorporated, official name change; formerly OCLC, Inc.; new name will appear on publications after Feb. 1981)</subfield>
		</datafield>
		<datafield tag="670" ind1=" " ind2=" ">
			<subfield code="a">Hildreth, C. R. Online public access catalogs, 1982:</subfield>
			<subfield code="b">CIP t.p. (OCLC)</subfield>
		</datafield>
		<datafield tag="670" ind1=" " ind2=" ">
			<subfield code="a">Phone calls to OCLC, 5/21-25/82:</subfield>
			<subfield code="b">(official name: OCLC Online Computer Library Center, Inc., but form to be used in publs: "OCLC" per L. Pearse; "Online Computer Library Center" is added to OCLC (with or without "Inc.") which is the official name, to explain the acronym, per L. Morwick)</subfield>
		</datafield>
		<datafield tag="670" ind1=" " ind2=" ">
			<subfield code="a">LC data base, 5-9-86</subfield>
			<subfield code="b">(hdg.: OCLC, inc.)</subfield>
		</datafield>
		<datafield tag="670" ind1=" " ind2=" ">
			<subfield code="a">Channel 2000, 1981:</subfield>
			<subfield code="b">t.p. (OCLC Online Computer Library Center)</subfield>
		</datafield>
		<datafield tag="675" ind1=" " ind2=" ">
			<subfield code="a">LC data base, 09-09-93 (hdg.: Ohio College Library Center; usage: OCLC, O.C.L.C., Ohio College Library Center)</subfield>
		</datafield>
	</record>