
	<record>
		<leader>03788cz   2200313n  4500</leader>
		<controlfield tag="001">n  78026851 </controlfield>
		<controlfield tag="003">DLC</controlfield>
		<controlfield tag="005">19861205114132.3</controlfield>
		<controlfield tag="008">780524n| acannaab|          |a ana |||  </controlfield>
		<datafield tag="010" ind1=" " ind2=" ">
			<subfield code="a">n  78026851 </subfield>
		</datafield>
		<datafield tag="040" ind1=" " ind2=" ">
			<subfield code="a">DLC</subfield>
			<subfield code="c">DLC</subfield>
			<subfield code="d">DLC</subfield>
		</datafield>
		<datafield tag="110" ind1="1" ind2="0">
			<subfield code="a">Minnesota.</subfield>
			<subfield code="b">Division of Vocational Rehabilitation.</subfield>
		</datafield>
		<datafield tag="410" ind1="1" ind2="0">
			<subfield code="a">Minnesota.</subfield>
			<subfield code="b">Vocational Rehabilitation, Division of</subfield>
		</datafield>
		<datafield tag="410" ind1="1" ind2="0">
			<subfield code="a">Minnesota.</subfield>
			<subfield code="b">Dept. of Education.</subfield>
			<subfield code="b">Division of Vocational Rehabilitation</subfield>
		</datafield>
		<datafield tag="410" ind1="1" ind2="0">
			<subfield code="a">Minnesota.</subfield>
			<subfield code="b">State Board for Vocational Education.</subfield>
			<subfield code="b">Division of Vocational Rehabilitation</subfield>
		</datafield>
		<datafield tag="410" ind1="1" ind2="0">
			<subfield code="a">Minnesota.</subfield>
			<subfield code="b">Vocational Rehabilitation Section</subfield>
		</datafield>
		<datafield tag="410" ind1="1" ind2="0">
			<subfield code="a">Minnesota.</subfield>
			<subfield code="b">State Division of Vocational Rehabilitation</subfield>
		</datafield>
		<datafield tag="410" ind1="1" ind2="0">
			<subfield code="a">Minnesota.</subfield>
			<subfield code="b">Dept. of Economic Security.</subfield>
			<subfield code="b">Division of Vocational Rehabilitation</subfield>
		</datafield>
		<datafield tag="510" ind1="1" ind2="0">
			<subfield code="w">a</subfield>
			<subfield code="a">Minnesota.</subfield>
			<subfield code="b">Division of Re-Education</subfield>
		</datafield>
		<datafield tag="510" ind1="1" ind2="0">
			<subfield code="a">Minnesota.</subfield>
			<subfield code="b">Dept. of Vocational Rehabilitation</subfield>
		</datafield>
		<datafield tag="670" ind1=" " ind2=" ">
			<subfield code="a">Its Report, 1946:</subfield>
			<subfield code="b">t.p. (Minnesota State Board for Vocational Education, Division of Vocational Rehabilitation)</subfield>
		</datafield>
		<datafield tag="670" ind1=" " ind2=" ">
			<subfield code="a">Minn.</subfield>
			<subfield code="b">Laws, statutes, etc. Statutes, 1949: chap. 120:32 (there is hereby established under the direction and control of the State Board for Vocational Education in the State Dept. of Education a Division of Vocational Rehabilitation)</subfield>
		</datafield>
		<datafield tag="670" ind1=" " ind2=" ">
			<subfield code="a">Minn. Dept. of Education. Special report ... 1944:</subfield>
			<subfield code="b">p. 447 (Division of Re-Education est. 1919; name changed to Division of Vocational Rehabilitation in 1935)</subfield>
		</datafield>
		<datafield tag="670" ind1=" " ind2=" ">
			<subfield code="a">Minn. leg. manual, 1977-1978:</subfield>
			<subfield code="b">p. 351 (the Division of Vocational Rehabilitation of the Dept. of Education will be included in the Dept. of Economic Security in 1977 through the proviso of chap. 430, Minnesota laws 1977)</subfield>
		</datafield>
		<datafield tag="670" ind1=" " ind2=" ">
			<subfield code="a">Minn. educ. direct., 1956/56:</subfield>
			<subfield code="b">p. 7 (Vocational Rehabilitation); 1957/58: p. 8 (Division of Rehabilitation and Special Education; asst. commissioner; Vocational Rehabilitation Section); 1967/68: p. 9-10 (Division of Rehabilitation and Special Education; asst. commissioner; Vocational Rehabilitation Section); 1968/69: p. 9-10 (Division of Vocational Rehabilitation and Special Education; asst. comm.; Vocational Rehabilitation); 1971/72: p. 10-11 (Division of Vocational Rehabilitation and Special Education; asst. comm.; Vocational Rehabilitation); 1972/73: p. 10 (Division of Vocational Rehabilitation)</subfield>
		</datafield>
		<datafield tag="670" ind1=" " ind2=" ">
			<subfield code="a">Its Annual report, 1957/58:</subfield>
			<subfield code="b">t.p. (Division of Vocational Rehabilitation) prel. p. 1 (Ass't Commissioner for Voc. Rehab. &amp; Special Education); 1967/68: t.p. (Department of Education, Division of Vocational Rehabilitation) pre. p. 1 (Assistant Commissioner for Rehabilitation and Special Education); 1970/71: t.p. (Department of Education, Division of Vocational Rehabilitation) prel. p. 1 (Assistant Commissioner for Rehabilitation and Special Education); 1971/72: t.p. (Department of Education, Division of Vocational Rehabilitation) p. 2 of cover (Assistant Commissioner for Vocational Rehabilitation); 1975/76: p. 2 of cover (will become separate department 7/1/77); 1976/77: p. 2 of cover (Department of Vocational Rehabilitation est. 1976; 12/1/77 became Division of Vocational Rehabilitation in Dept. of Economic Security) t.p. (Division of Vocational Rehabilitation, Department of Economic Security)</subfield>
		</datafield>
		<datafield tag="670" ind1=" " ind2=" ">
			<subfield code="a">Direct. of rehab. serv. in Minn., 1960:</subfield>
			<subfield code="b">t.p. (Division of Vocational Rehabilitation, Minnesota Department of Education; Assistant Commissioner for Rehabilitation and Special Education)</subfield>
		</datafield>
		<datafield tag="670" ind1=" " ind2=" ">
			<subfield code="a">Its Let's visit Abilityville, Minnesota, 1961:</subfield>
			<subfield code="b">t.p. (State Division of Vocational Rehabilitation, Minnesota Department of Education)</subfield>
		</datafield>
		<datafield tag="670" ind1=" " ind2=" ">
			<subfield code="a">Session laws of the State of Minn., 1976:</subfield>
			<subfield code="b">p. 1302 (Department of Vocational Rehabilitation established as successor to Division of Vocational Rehabilitation; Commissioner of Vocational Rehabilitation)</subfield>
		</datafield>
	</record>