
	<record>
		<leader>01525cz   2200205n  4500</leader>
		<controlfield tag="001">n  78034380 </controlfield>
		<controlfield tag="003">DLC</controlfield>
		<controlfield tag="005">19950629055547.3</controlfield>
		<controlfield tag="008">780615n| acannaab|          |a ana      </controlfield>
		<datafield tag="010" ind1=" " ind2=" ">
			<subfield code="a">n  78034380 </subfield>
			<subfield code="z">no 95029717 </subfield>
		</datafield>
		<datafield tag="035" ind1=" " ind2=" ">
			<subfield code="a">(OCoLC)oca00170574 </subfield>
		</datafield>
		<datafield tag="040" ind1=" " ind2=" ">
			<subfield code="a">DLC</subfield>
			<subfield code="c">DLC</subfield>
			<subfield code="d">DLC</subfield>
			<subfield code="d">DGPO</subfield>
		</datafield>
		<datafield tag="110" ind1="1" ind2="0">
			<subfield code="a">United States.</subfield>
			<subfield code="b">Congress.</subfield>
			<subfield code="b">Senate.</subfield>
			<subfield code="b">Committee on the Judiciary.</subfield>
			<subfield code="b">Subcommittee on Immigration</subfield>
		</datafield>
		<datafield tag="410" ind1="1" ind2="0">
			<subfield code="a">United States.</subfield>
			<subfield code="b">Congress.</subfield>
			<subfield code="b">Senate.</subfield>
			<subfield code="b">Subcommittee on Immigration</subfield>
		</datafield>
		<datafield tag="510" ind1="1" ind2="0">
			<subfield code="a">United States.</subfield>
			<subfield code="b">Congress.</subfield>
			<subfield code="b">Senate.</subfield>
			<subfield code="b">Committee on the Judiciary.</subfield>
			<subfield code="b">Subcommittee on Immigration and Naturalization</subfield>
		</datafield>
		<datafield tag="510" ind1="1" ind2="0">
			<subfield code="a">United States.</subfield>
			<subfield code="b">Congress.</subfield>
			<subfield code="b">Senate.</subfield>
			<subfield code="b">Committee on the Judiciary.</subfield>
			<subfield code="b">Subcommittee on Immigration and Refugee Affairs</subfield>
		</datafield>
		<datafield tag="670" ind1=" " ind2=" ">
			<subfield code="a">Its Immigration report ... 1978:</subfield>
			<subfield code="b">t.p. (Committee on the Judiciary, United States Senate, Subcommittee on Immigration)</subfield>
		</datafield>
		<datafield tag="670" ind1=" " ind2=" ">
			<subfield code="a">Phone call to the Subcommittee on Immigration, 5-18-78</subfield>
			<subfield code="b">(name changed from Subcommittee on Immigration and Naturalization in 1977 to Subcommittee on Immigration)</subfield>
		</datafield>
		<datafield tag="670" ind1=" " ind2=" ">
			<subfield code="a">Its Rules of procedure (private immigration legislation), 1995:</subfield>
			<subfield code="b">t.p. (United States Senate, Committee on the Judiciary, Subcommittee on Immigration, One Hundred Fourth Congress)</subfield>
		</datafield>
		<datafield tag="670" ind1=" " ind2=" ">
			<subfield code="a">Phone call to Committee, 6/19/95</subfield>
			<subfield code="b">(at one time, prob. prior to 96th Cong., there were 2 subcoms. (one on immigration, one on refugee affairs); became 1 subcom. in 97th Cong.; name changed, from Subcommittee on Immigration and Refugee Affairs, to Subcommittee on Immigration, in 104th Cong.)</subfield>
		</datafield>
	</record>