
	<record>
		<leader>00923nz   2200157n  4500</leader>
		<controlfield tag="001">n  78038001 </controlfield>
		<controlfield tag="003">DLC</controlfield>
		<controlfield tag="005">19840322000000.0</controlfield>
		<controlfield tag="008">780627n| aaannaab|          |b ana |||  </controlfield>
		<datafield tag="010" ind1=" " ind2=" ">
			<subfield code="a">n  78038001 </subfield>
		</datafield>
		<datafield tag="040" ind1=" " ind2=" ">
			<subfield code="a">DLC</subfield>
			<subfield code="c">DLC</subfield>
		</datafield>
		<datafield tag="111" ind1="2" ind2="0">
			<subfield code="a">Vsesoi︠u︡znai︠a︡ nauchno-prakticheskai︠a︡ konferent︠s︡ii︠a︡ Sot︠s︡ialisticheskiĭ obraz zhizni i voprosy ideologicheskoĭ raboty,</subfield>
			<subfield code="c">Kiev,</subfield>
			<subfield code="d">1977.</subfield>
		</datafield>
		<datafield tag="411" ind1="2" ind2="0">
			<subfield code="a">Konferent︠s︡ii︠a︡ Sot︠s︡ialisticheskiĭ obraz zhizni i voprosy ideologicheskoĭ raboty, Vsesoi︠u︡znai︠a︡ nauchno-prakticheskai︠a︡</subfield>
		</datafield>
		<datafield tag="411" ind1="2" ind2="0">
			<subfield code="a">Nauchno-prakticheskai︠a︡ konferent︠s︡ii︠a︡ Sot︠s︡ialisticheskiĭ obraz zhizni i voprosy ideologicheskoĭ raboty, Vsesoi︠u︡znai︠a︡</subfield>
		</datafield>
		<datafield tag="670" ind1=" " ind2=" ">
			<subfield code="a">Sot︠s︡ialisticheskiĭ obraz zhizni ... 1977 (a.e.)</subfield>
			<subfield code="b">t.p. (held 5/18-20/77) p. 3 (Vsesoi︠u︡znoĭ nauchno-prakticheskoĭ konferent︠s︡ii Sot︠s︡ialisticheskiĭ obraz zhizni i voprosy ideologicheskoĭ raboty, Kiev)</subfield>
		</datafield>
		<datafield tag="670" ind1=" " ind2=" ">
			<subfield code="a">USSR 77</subfield>
			<subfield code="b">[name not given]</subfield>
		</datafield>
	</record>