
	<record>
		<leader>00401nz   2200133n  4500</leader>
		<controlfield tag="001">n  78052136 </controlfield>
		<controlfield tag="003">DLC</controlfield>
		<controlfield tag="005">19840322000000.0</controlfield>
		<controlfield tag="008">780811n| aaannaab|          |n ana |||  </controlfield>
		<datafield tag="010" ind1=" " ind2=" ">
			<subfield code="a">n  78052136 </subfield>
		</datafield>
		<datafield tag="040" ind1=" " ind2=" ">
			<subfield code="a">DLC</subfield>
			<subfield code="c">DLC</subfield>
		</datafield>
		<datafield tag="130" ind1=" " ind2="0">
			<subfield code="a">Sanʾyō nyūsu.</subfield>
		</datafield>
		<datafield tag="670" ind1=" " ind2=" ">
			<subfield code="a">Sanʾyōji, 1978 (a.e.)</subfield>
			<subfield code="b">p. 252 (Sanʾyō nyūsu; serial publ. by Sanʾyo Denki Tetsudō K.K., Feb. 1950- )</subfield>
		</datafield>
		<datafield tag="675" ind1=" " ind2=" ">
			<subfield code="a">NDL Wazasshi mokuroku, 1973.</subfield>
		</datafield>
	</record>