
	<record>
		<leader>00720cz   2200181n  4500</leader>
		<controlfield tag="001">n  78060458 </controlfield>
		<controlfield tag="003">DLC</controlfield>
		<controlfield tag="005">19981107051749.9</controlfield>
		<controlfield tag="008">780829n| acannaab|          |a ana |||  </controlfield>
		<datafield tag="010" ind1=" " ind2=" ">
			<subfield code="a">n  78060458 </subfield>
		</datafield>
		<datafield tag="035" ind1=" " ind2=" ">
			<subfield code="a">(OCoLC)oca00196131 </subfield>
		</datafield>
		<datafield tag="040" ind1=" " ind2=" ">
			<subfield code="a">DLC</subfield>
			<subfield code="c">DLC</subfield>
			<subfield code="d">DLC</subfield>
			<subfield code="d">GU-AV</subfield>
		</datafield>
		<datafield tag="110" ind1="2" ind2="0">
			<subfield code="a">ABC News</subfield>
		</datafield>
		<datafield tag="410" ind1="2" ind2="0">
			<subfield code="a">American Broadcasting Companies.</subfield>
			<subfield code="b">ABC News</subfield>
		</datafield>
		<datafield tag="410" ind1="2" ind2="0">
			<subfield code="a">ABCNEWS</subfield>
		</datafield>
		<datafield tag="670" ind1=" " ind2=" ">
			<subfield code="a">Its data from CINE for The Owl [MP] 1977 (a.e.)</subfield>
			<subfield code="b">(ABC News; address, New York City)</subfield>
		</datafield>
		<datafield tag="670" ind1=" " ind2=" ">
			<subfield code="a">Moody's ind. man., 1977:</subfield>
			<subfield code="b">p. 79 (ABC News, inc.; subsidiary of American Broadcasting Companies, inc.)</subfield>
		</datafield>
		<datafield tag="670" ind1=" " ind2=" ">
			<subfield code="a">ABC News Nightline. [1996-05-20], American in black and white. [The Philadelphia story], c1996:</subfield>
			<subfield code="b">end credits (ABCNEWS; copyr.)</subfield>
		</datafield>
	</record>