
	<record>
		<leader>00508cz   2200145n  4500</leader>
		<controlfield tag="001">n  78067595 </controlfield>
		<controlfield tag="003">DLC</controlfield>
		<controlfield tag="005">20010721074059.0</controlfield>
		<controlfield tag="008">780919n| acannaabn          |a ana      </controlfield>
		<datafield tag="010" ind1=" " ind2=" ">
			<subfield code="a">n  78067595 </subfield>
		</datafield>
		<datafield tag="035" ind1=" " ind2=" ">
			<subfield code="a">(OCoLC)oca00203127</subfield>
		</datafield>
		<datafield tag="040" ind1=" " ind2=" ">
			<subfield code="a">DLC</subfield>
			<subfield code="b">eng</subfield>
			<subfield code="c">DLC</subfield>
			<subfield code="d">OCoLC</subfield>
		</datafield>
		<datafield tag="110" ind1="2" ind2=" ">
			<subfield code="a">Indiana University, Bloomington.</subfield>
			<subfield code="b">African Studies Program.</subfield>
		</datafield>
		<datafield tag="510" ind1="2" ind2=" ">
			<subfield code="w">a</subfield>
			<subfield code="a">Indiana University.</subfield>
			<subfield code="b">African Studies Program</subfield>
		</datafield>
		<datafield tag="670" ind1=" " ind2=" ">
			<subfield code="a">Rubin, A. Black ... 1974 (a.e.)</subfield>
			<subfield code="b">t.p. (African Studies Program, Indiana University, Bloomington, Ind.)</subfield>
		</datafield>
	</record>