
	<record>
		<leader>01072cz   2200193n  4500</leader>
		<controlfield tag="001">n  78070785 </controlfield>
		<controlfield tag="003">DLC</controlfield>
		<controlfield tag="005">19950725054930.3</controlfield>
		<controlfield tag="008">780929n| acannaab|          |a ana      </controlfield>
		<datafield tag="010" ind1=" " ind2=" ">
			<subfield code="a">n  78070785 </subfield>
		</datafield>
		<datafield tag="040" ind1=" " ind2=" ">
			<subfield code="a">DLC</subfield>
			<subfield code="c">DLC</subfield>
			<subfield code="d">NjP</subfield>
		</datafield>
		<datafield tag="110" ind1="2" ind2="0">
			<subfield code="a">IEEE Broadcast and Television Receivers Group</subfield>
		</datafield>
		<datafield tag="410" ind1="2" ind2="0">
			<subfield code="w">nna</subfield>
			<subfield code="a">Institute of Electrical and Electronics Engineers.</subfield>
			<subfield code="b">Broadcast and Television Receivers Group</subfield>
		</datafield>
		<datafield tag="410" ind1="2" ind2="0">
			<subfield code="a">I.E.E.E. Broadcast and Television Receivers Group</subfield>
		</datafield>
		<datafield tag="510" ind1="2" ind2="0">
			<subfield code="w">b</subfield>
			<subfield code="a">IEEE Consumer Electronics Group</subfield>
		</datafield>
		<datafield tag="510" ind1="2" ind2="0">
			<subfield code="w">a</subfield>
			<subfield code="a">IEEE Professional Technical Group on Broadcast and Television Receivers</subfield>
		</datafield>
		<datafield tag="667" ind1=" " ind2=" ">
			<subfield code="a">Retrospective heading</subfield>
		</datafield>
		<datafield tag="670" ind1=" " ind2=" ">
			<subfield code="a">IEEE transactions on broadcast and television receivers, 1963-May 1964 (IEEE Professional Technical Group on Broadcast and Television Receivers); July 1964 (IEEE Broadcast and Television Receivers Group)</subfield>
		</datafield>
		<datafield tag="670" ind1=" " ind2=" ">
			<subfield code="a">IEEE. Consumer Electronics Group. IEEE transactions on consumer electronics, Feb. 1975:</subfield>
			<subfield code="b">t.p. (IEEE Consumer Electronics Group) p. 2 of cover (formerly [1964-1974] Broadcast and Television Receivers Group)</subfield>
		</datafield>
	</record>