
	<record>
		<leader>00558cz   2200133n  4500</leader>
		<controlfield tag="001">n  78077123 </controlfield>
		<controlfield tag="003">DLC</controlfield>
		<controlfield tag="005">19930720140833.3</controlfield>
		<controlfield tag="008">781018n| acannaab|          |n aaa |||  </controlfield>
		<datafield tag="010" ind1=" " ind2=" ">
			<subfield code="a">n  78077123 </subfield>
		</datafield>
		<datafield tag="040" ind1=" " ind2=" ">
			<subfield code="a">DLC</subfield>
			<subfield code="c">DLC</subfield>
			<subfield code="d">DLC</subfield>
		</datafield>
		<datafield tag="100" ind1="1" ind2="0">
			<subfield code="a">Baroody, William J.</subfield>
		</datafield>
		<datafield tag="670" ind1=" " ind2=" ">
			<subfield code="a">His The Presidency: how open? [SR] 1975:</subfield>
			<subfield code="b">label (William J. Baroody, Jr.) narration (assist. to Pres. Ford)</subfield>
		</datafield>
		<datafield tag="670" ind1=" " ind2=" ">
			<subfield code="a">NUCMC data from Gerald R. Ford Libr. for His White House files, 1974-1976</subfield>
			<subfield code="b">(Baroody, William J., Jr.; asst. to Pres., Public Liaison Office; William Joseph Baroody; b. 1937)</subfield>
		</datafield>
	</record>