
	<record>
		<leader>01117cz   2200229n  4500</leader>
		<controlfield tag="001">n  78083407 </controlfield>
		<controlfield tag="003">DLC</controlfield>
		<controlfield tag="005">19960305125049.6</controlfield>
		<controlfield tag="008">781120n| acannaab|          |a ana |||  </controlfield>
		<datafield tag="010" ind1=" " ind2=" ">
			<subfield code="a">n  78083407 </subfield>
			<subfield code="z">n  95106990 </subfield>
		</datafield>
		<datafield tag="040" ind1=" " ind2=" ">
			<subfield code="a">DLC</subfield>
			<subfield code="c">DLC</subfield>
			<subfield code="d">DLC</subfield>
		</datafield>
		<datafield tag="110" ind1="2" ind2="0">
			<subfield code="a">Rand Corporation</subfield>
		</datafield>
		<datafield tag="410" ind1="2" ind2="0">
			<subfield code="a">RAND</subfield>
		</datafield>
		<datafield tag="410" ind1="2" ind2="0">
			<subfield code="a">RĖND</subfield>
		</datafield>
		<datafield tag="410" ind1="2" ind2="0">
			<subfield code="a">RĖND, SShA</subfield>
		</datafield>
		<datafield tag="667" ind1=" " ind2=" ">
			<subfield code="a">AACR 1 form: Rand Corporation. The following subdivisions have not been used as headings: Economics Dept.; Economics Division; Numerical Analysis Dept.; Social Science Dept.; Social Science Division</subfield>
		</datafield>
		<datafield tag="670" ind1=" " ind2=" ">
			<subfield code="a">Battelle Memorial Institute, Columbus, Ohio. Titanium and ... c1949.</subfield>
		</datafield>
		<datafield tag="670" ind1=" " ind2=" ">
			<subfield code="a">Time for reform, 1992:</subfield>
			<subfield code="b">t.p. (RAND)</subfield>
		</datafield>
		<datafield tag="670" ind1=" " ind2=" ">
			<subfield code="a">Phone call to Rand, 07-20-94</subfield>
			<subfield code="b">(Rand Corporation is legal name; ca. 1991 decision was made to use RAND as short form of name)</subfield>
		</datafield>
		<datafield tag="670" ind1=" " ind2=" ">
			<subfield code="a">Phone call from RAND, 10/27/95</subfield>
			<subfield code="b">(name changed to RAND "a couple of years ago")</subfield>
		</datafield>
		<datafield tag="670" ind1=" " ind2=" ">
			<subfield code="a">Info. from RAND, 1/15/96</subfield>
			<subfield code="b">(RAND officially prefers to continue to be known as Rand Corporation, not RAND (Firm))</subfield>
		</datafield>
		<datafield tag="670" ind1=" " ind2=" ">
			<subfield code="a">Vynuzhdennai︠a︡ migrat︠s︡ii︠a︡, 1993:</subfield>
			<subfield code="b">t.p. (RĖND, SSha)</subfield>
		</datafield>
	</record>