
	<record>
		<leader>00626cz   2200169n  4500</leader>
		<controlfield tag="001">n  78083740 </controlfield>
		<controlfield tag="003">DLC</controlfield>
		<controlfield tag="005">19970521065212.2</controlfield>
		<controlfield tag="008">781109n| acannaab|          |a ana |||  </controlfield>
		<datafield tag="010" ind1=" " ind2=" ">
			<subfield code="a">n  78083740 </subfield>
		</datafield>
		<datafield tag="035" ind1=" " ind2=" ">
			<subfield code="a">(OCoLC)oca00218989 </subfield>
		</datafield>
		<datafield tag="040" ind1=" " ind2=" ">
			<subfield code="a">DLC</subfield>
			<subfield code="c">DLC</subfield>
			<subfield code="d">WaElC</subfield>
		</datafield>
		<datafield tag="110" ind1="2" ind2="0">
			<subfield code="a">Sanʾyō Hōsō</subfield>
		</datafield>
		<datafield tag="410" ind1="2" ind2="0">
			<subfield code="a">RSK (Radio/television station : Okayama-shi, Japan)</subfield>
		</datafield>
		<datafield tag="410" ind1="2" ind2="0">
			<subfield code="a">R.S.K. (Radio/television station : Okayama-shi, Japan)</subfield>
		</datafield>
		<datafield tag="670" ind1=" " ind2=" ">
			<subfield code="a">Kindai Nihonga Meihin ... 1978 (a.e.)</subfield>
			<subfield code="b">t.p. (Sanʾyō Hōsō) pref. (Sanʾyō Hōsō Kabushiki Kaisha)</subfield>
		</datafield>
		<datafield tag="670" ind1=" " ind2=" ">
			<subfield code="a">Nihon shimbun nenkan, 1975</subfield>
			<subfield code="b">(Sanʾyō Hōsō; RSK; main off.: in Okayama-shi)</subfield>
		</datafield>
	</record>