
	<record>
		<leader>00547nz   2200133n  4500</leader>
		<controlfield tag="001">n  78097585 </controlfield>
		<controlfield tag="003">DLC</controlfield>
		<controlfield tag="005">19840322000000.0</controlfield>
		<controlfield tag="008">781221n| abannaab|          |b ana |||  </controlfield>
		<datafield tag="010" ind1=" " ind2=" ">
			<subfield code="a">n  78097585 </subfield>
		</datafield>
		<datafield tag="040" ind1=" " ind2=" ">
			<subfield code="a">DLC</subfield>
			<subfield code="c">DLC</subfield>
		</datafield>
		<datafield tag="110" ind1="2" ind2="0">
			<subfield code="a">General Union of Palestine Students.</subfield>
			<subfield code="b">Executive Committee.</subfield>
		</datafield>
		<datafield tag="410" ind1="2" ind2="0">
			<subfield code="a">General Union of Palestine Students.</subfield>
			<subfield code="b">al-Hayʾah al-Tanfīdhīyah</subfield>
		</datafield>
		<datafield tag="670" ind1=" " ind2=" ">
			<subfield code="a">Jabal al-zaytūn, Uktūbar 1966 (a.e.)</subfield>
			<subfield code="b">contents p. (al-Hayʾah al-Tanfīdhīyah lil-Ittiħād al-ʿĀmm li-Ṭalabat Filasṭīn) p. 4 of cover (G.U.P.S. Executive Committee)</subfield>
		</datafield>
	</record>