
	<record>
		<leader>00719cz   2200181n  4500</leader>
		<controlfield tag="001">n  79003655 </controlfield>
		<controlfield tag="003">DLC</controlfield>
		<controlfield tag="005">19940511083044.0</controlfield>
		<controlfield tag="008">790116n| acannaab|          |a ana |||  </controlfield>
		<datafield tag="010" ind1=" " ind2=" ">
			<subfield code="a">n  79003655 </subfield>
		</datafield>
		<datafield tag="040" ind1=" " ind2=" ">
			<subfield code="a">DLC</subfield>
			<subfield code="c">DLC</subfield>
			<subfield code="d">CLU</subfield>
		</datafield>
		<datafield tag="111" ind1="2" ind2="0">
			<subfield code="a">Edinburgh Fringe (Festival)</subfield>
		</datafield>
		<datafield tag="411" ind1="2" ind2="0">
			<subfield code="a">Edinburgh Festival Fringe</subfield>
		</datafield>
		<datafield tag="411" ind1="2" ind2="0">
			<subfield code="a">Fringe (Festival : Edinburgh, Scotland)</subfield>
		</datafield>
		<datafield tag="511" ind1="2" ind2="0">
			<subfield code="a">Edinburgh International Festival</subfield>
		</datafield>
		<datafield tag="670" ind1=" " ind2=" ">
			<subfield code="a">Moffat, A. The Edinburgh Fringe, 1978 (subj.)</subfield>
			<subfield code="b">t.p. (Edinburgh Fringe) jkt. (began in 1947)</subfield>
		</datafield>
		<datafield tag="670" ind1=" " ind2=" ">
			<subfield code="a">Dale, M. Sore throats &amp; overdrafts, 1988:</subfield>
			<subfield code="b">t.p., etc. (Edinburgh Festival Fringe; The Fringe; Edinburgh International Festival)</subfield>
		</datafield>
		<datafield tag="675" ind1=" " ind2=" ">
			<subfield code="a">Stage yr bk, 1969;</subfield>
			<subfield code="a">Dir. of British assoc., 1977-8.</subfield>
		</datafield>
	</record>