
	<record>
		<leader>01438cz   2200349n  4500</leader>
		<controlfield tag="001">n  79006779 </controlfield>
		<controlfield tag="003">DLC</controlfield>
		<controlfield tag="005">20000411070833.0</controlfield>
		<controlfield tag="008">790124n| acannaabn          |a aaa      </controlfield>
		<datafield tag="010" ind1=" " ind2=" ">
			<subfield code="a">n  79006779 </subfield>
			<subfield code="z">sh 85077077 </subfield>
		</datafield>
		<datafield tag="035" ind1=" " ind2=" ">
			<subfield code="a">(OCoLC)oca00240913</subfield>
		</datafield>
		<datafield tag="040" ind1=" " ind2=" ">
			<subfield code="a">DLC</subfield>
			<subfield code="b">eng</subfield>
			<subfield code="c">DLC</subfield>
			<subfield code="d">DLC</subfield>
			<subfield code="d">MdU</subfield>
			<subfield code="d">DLC</subfield>
			<subfield code="d">OCoLC</subfield>
		</datafield>
		<datafield tag="100" ind1="1" ind2=" ">
			<subfield code="a">Lincoln, Abraham,</subfield>
			<subfield code="d">1809-1865</subfield>
		</datafield>
		<datafield tag="400" ind1="1" ind2=" ">
			<subfield code="w">nnaa</subfield>
			<subfield code="a">Lincoln, Abraham,</subfield>
			<subfield code="c">Pres. U.S.,</subfield>
			<subfield code="d">1809-1865</subfield>
		</datafield>
		<datafield tag="400" ind1="1" ind2=" ">
			<subfield code="a">Linkŭln, Abrakham,</subfield>
			<subfield code="d">1809-1865</subfield>
		</datafield>
		<datafield tag="400" ind1="1" ind2=" ">
			<subfield code="a">Linkolʹn, Avraam,</subfield>
			<subfield code="d">1809-1865</subfield>
		</datafield>
		<datafield tag="400" ind1="1" ind2=" ">
			<subfield code="a">Linkūln, Ibrāhīm,</subfield>
			<subfield code="d">1809-1865</subfield>
		</datafield>
		<datafield tag="400" ind1="1" ind2=" ">
			<subfield code="a">Linkan, ʾAbrehām,</subfield>
			<subfield code="d">1809-1865</subfield>
		</datafield>
		<datafield tag="400" ind1="1" ind2=" ">
			<subfield code="a">Lincoln, A.</subfield>
			<subfield code="q">(Abraham),</subfield>
			<subfield code="d">1809-1865</subfield>
		</datafield>
		<datafield tag="400" ind1="1" ind2=" ">
			<subfield code="a">Lin-kʿen,</subfield>
			<subfield code="d">1809-1865</subfield>
		</datafield>
		<datafield tag="400" ind1="1" ind2=" ">
			<subfield code="a">Lin, Kʿen,</subfield>
			<subfield code="d">1809-1865</subfield>
		</datafield>
		<datafield tag="400" ind1="1" ind2=" ">
			<subfield code="a">Lingkʿŏn,</subfield>
			<subfield code="d">1809-1865</subfield>
		</datafield>
		<datafield tag="400" ind1="1" ind2=" ">
			<subfield code="a">Lincoln, Abe,</subfield>
			<subfield code="d">1809-1865</subfield>
		</datafield>
		<datafield tag="400" ind1="1" ind2=" ">
			<subfield code="a">Liṅkan, Ēbrāhaṃ,</subfield>
			<subfield code="d">1809-1865</subfield>
		</datafield>
		<datafield tag="400" ind1="1" ind2=" ">
			<subfield code="a">Liṅkan, Abrahāṃ,</subfield>
			<subfield code="d">1809-1865</subfield>
		</datafield>
		<datafield tag="510" ind1="1" ind2=" ">
			<subfield code="a">United States.</subfield>
			<subfield code="b">President (1861-1865 : Lincoln)</subfield>
		</datafield>
		<datafield tag="670" ind1=" " ind2=" ">
			<subfield code="a">Schriver, L. O. Seven Lincoln shrines, 1947 (subj.)</subfield>
		</datafield>
		<datafield tag="670" ind1=" " ind2=" ">
			<subfield code="a">Hsiao, Y. Lin-kʿen, 1988:</subfield>
			<subfield code="b">t.p. (also Abraham Lincoln)</subfield>
		</datafield>
		<datafield tag="670" ind1=" " ind2=" ">
			<subfield code="a">Kim, T.G. Lingkʿŏn ŭi ilsaeng, 1988:</subfield>
			<subfield code="b">t.p. (Lingkʿŏn) p. 11 (Abraham Lincoln)</subfield>
		</datafield>
		<datafield tag="670" ind1=" " ind2=" ">
			<subfield code="a">James K. Polk, Abraham Lincoln, Theodore Roosevelt, 1995:</subfield>
			<subfield code="b">CIP galley (Abe Lincoln, b. 2-12-1809; d. 4-15-1865)</subfield>
		</datafield>
		<datafield tag="670" ind1=" " ind2=" ">
			<subfield code="a">Ēbrāhaṃ Liṅkan, 1939:</subfield>
			<subfield code="b">t.p. (Ēbrāhaṃ Liṅkan)</subfield>
		</datafield>
		<datafield tag="670" ind1=" " ind2=" ">
			<subfield code="a">Abrahāṃ Liṅkan, 1929:</subfield>
			<subfield code="b">t.p. (Abrahāṃ Liṅkan)</subfield>
		</datafield>
	</record>