
	<record>
		<leader>00542cz   2200145n  4500</leader>
		<controlfield tag="001">n  79016212 </controlfield>
		<controlfield tag="003">DLC</controlfield>
		<controlfield tag="005">20001013070354.0</controlfield>
		<controlfield tag="008">790308n| adannaabn          |a aac      </controlfield>
		<datafield tag="010" ind1=" " ind2=" ">
			<subfield code="a">n  79016212 </subfield>
		</datafield>
		<datafield tag="035" ind1=" " ind2=" ">
			<subfield code="a">(OCoLC)oca00250104</subfield>
		</datafield>
		<datafield tag="040" ind1=" " ind2=" ">
			<subfield code="a">DLC</subfield>
			<subfield code="c">DLC</subfield>
			<subfield code="d">CoU</subfield>
		</datafield>
		<datafield tag="100" ind1="1" ind2=" ">
			<subfield code="a">Lorimer, John Gordon,</subfield>
			<subfield code="d">1870-1914.</subfield>
			<subfield code="t">Gazetteer of the Persian Gulf, ʾOmān, and Central Arabia.</subfield>
			<subfield code="p">Qism al-jughrāfī.</subfield>
			<subfield code="l">Arabic</subfield>
		</datafield>
		<datafield tag="400" ind1="1" ind2=" ">
			<subfield code="a">Lorimer, John Gordon,</subfield>
			<subfield code="d">1870-1914.</subfield>
			<subfield code="t">Dalīl al-Khalīj, al-qism al-jughrāfī</subfield>
		</datafield>
		<datafield tag="670" ind1=" " ind2=" ">
			<subfield code="a">His Dalīl al-Khalīj, al-qism al-jughrāfī, 1978?</subfield>
		</datafield>
	</record>