
	<record>
		<leader>00532cz   2200133n  4500</leader>
		<controlfield tag="001">n  79022931 </controlfield>
		<controlfield tag="003">DLC</controlfield>
		<controlfield tag="005">20010514144535.0</controlfield>
		<controlfield tag="008">790418n| acnnnabb           |a ana      </controlfield>
		<datafield tag="010" ind1=" " ind2=" ">
			<subfield code="a">n  79022931 </subfield>
		</datafield>
		<datafield tag="040" ind1=" " ind2=" ">
			<subfield code="a">DLC</subfield>
			<subfield code="c">DLC</subfield>
			<subfield code="d">DLC</subfield>
		</datafield>
		<datafield tag="110" ind1="1" ind2="0">
			<subfield code="a">United States.</subfield>
			<subfield code="b">President (1933-1945 : Roosevelt)</subfield>
		</datafield>
		<datafield tag="410" ind1="1" ind2="0">
			<subfield code="w">nnaa</subfield>
			<subfield code="a">United States.</subfield>
			<subfield code="b">President, 1933-1945 (Franklin D. Roosevelt)</subfield>
		</datafield>
		<datafield tag="667" ind1=" " ind2=" ">
			<subfield code="a">SUBJECT USAGE: This heading is not valid for use as a subject.  Works about this person are entered under Roosevelt, Franklin D. (Franklin Delano), 1882-1945.</subfield>
		</datafield>
	</record>