
	<record>
		<leader>00855cz   2200193n  4500</leader>
		<controlfield tag="001">n  79024207 </controlfield>
		<controlfield tag="003">DLC</controlfield>
		<controlfield tag="005">20010721074602.0</controlfield>
		<controlfield tag="008">790321n| aaannaabn          |b ana      </controlfield>
		<datafield tag="010" ind1=" " ind2=" ">
			<subfield code="a">n  79024207 </subfield>
		</datafield>
		<datafield tag="035" ind1=" " ind2=" ">
			<subfield code="a">(OCoLC)oca00257963</subfield>
		</datafield>
		<datafield tag="040" ind1=" " ind2=" ">
			<subfield code="a">DLC</subfield>
			<subfield code="b">eng</subfield>
			<subfield code="c">DLC</subfield>
			<subfield code="d">OCoLC</subfield>
		</datafield>
		<datafield tag="110" ind1="2" ind2=" ">
			<subfield code="a">Crkva svetog Petra u Bijelom Polju.</subfield>
		</datafield>
		<datafield tag="410" ind1="1" ind2=" ">
			<subfield code="a">Bijelo Polje, Montenegro.</subfield>
			<subfield code="b">Crkva svetog Petra</subfield>
		</datafield>
		<datafield tag="410" ind1="2" ind2=" ">
			<subfield code="a">Petrova crkva u Bijelom Polju</subfield>
		</datafield>
		<datafield tag="410" ind1="2" ind2=" ">
			<subfield code="a">Kirche Sveti Petar, Bijelo Polje, Montenegro</subfield>
		</datafield>
		<datafield tag="410" ind1="2" ind2=" ">
			<subfield code="a">Petruskirche, Bijelo Polje, Montenegro</subfield>
		</datafield>
		<datafield tag="670" ind1=" " ind2=" ">
			<subfield code="a">Nagorni, D. Die Kirche Sv. Petar ... 1978 (subj.)</subfield>
			<subfield code="b">t.p. (Die Kirche Sv. Petar in Bijelo Polje (Montenegro)) p. 1 (Petruskirche in Bijelo Polje) p. 43-45 (built at end of 12th cent.) p. 321 (Crkva sv. Petra u Bijelom Polju)</subfield>
		</datafield>
		<datafield tag="670" ind1=" " ind2=" ">
			<subfield code="a">Encikl. lik. umj., 1959-66:</subfield>
			<subfield code="b">v. 1, p. 677 (Petrova crkva u Bijelom Polju)</subfield>
		</datafield>
	</record>