
	<record>
		<leader>00716cz   2200133n  4500</leader>
		<controlfield tag="001">n  79030353 </controlfield>
		<controlfield tag="003">DLC</controlfield>
		<controlfield tag="005">19900430085439.3</controlfield>
		<controlfield tag="008">790404n| acannaab|          |n ana |||  </controlfield>
		<datafield tag="010" ind1=" " ind2=" ">
			<subfield code="a">n  79030353 </subfield>
		</datafield>
		<datafield tag="040" ind1=" " ind2=" ">
			<subfield code="a">DLC</subfield>
			<subfield code="c">DLC</subfield>
			<subfield code="d">DLC</subfield>
		</datafield>
		<datafield tag="110" ind1="2" ind2="0">
			<subfield code="a">IEEE Power Engineering Society.</subfield>
			<subfield code="b">Nuclear Power Engineering Society.</subfield>
			<subfield code="b">Subcommittee 5--Reliability.</subfield>
			<subfield code="b">Working Group SC5-3</subfield>
		</datafield>
		<datafield tag="667" ind1=" " ind2=" ">
			<subfield code="a">Old catalog heading: IEEE Power Engineering Society. Nuclear Power Engineering Committee. Subcommittee 5, Reliability. Working Group SC5-3</subfield>
		</datafield>
		<datafield tag="670" ind1=" " ind2=" ">
			<subfield code="a">IEEE guide to the collection ... c1977 (a.e.)</subfield>
			<subfield code="b">p. 5 (a Working Group of Subcommittee 5, Reliability, of Nuclear Power Engineering Committee of IEEE Power Engineering Society) p. 7 (Working Group SC5-3)</subfield>
		</datafield>
	</record>