
	<record>
		<leader>00364nz   2200133n  4500</leader>
		<controlfield tag="001">n  79033753 </controlfield>
		<controlfield tag="003">DLC</controlfield>
		<controlfield tag="005">19840322000000.0</controlfield>
		<controlfield tag="008">790413n| acannaab|          |b aaa |||  </controlfield>
		<datafield tag="010" ind1=" " ind2=" ">
			<subfield code="a">n  79033753 </subfield>
		</datafield>
		<datafield tag="040" ind1=" " ind2=" ">
			<subfield code="a">DLC</subfield>
			<subfield code="c">DLC</subfield>
		</datafield>
		<datafield tag="100" ind1="1" ind2="0">
			<subfield code="a">Bradley, David E.</subfield>
		</datafield>
		<datafield tag="400" ind1="1" ind2="0">
			<subfield code="a">Bradley, D. E.</subfield>
		</datafield>
		<datafield tag="670" ind1=" " ind2=" ">
			<subfield code="a">Pili, 1978 (a.e.)</subfield>
			<subfield code="b">t.p. (David E. Bradley; list of contributors, D. E. Bradley)</subfield>
		</datafield>
	</record>