
	<record>
		<leader>00796nz   2200157n  4500</leader>
		<controlfield tag="001">n  79035872 </controlfield>
		<controlfield tag="003">DLC</controlfield>
		<controlfield tag="005">19840322000000.0</controlfield>
		<controlfield tag="008">790420n| acannaab|          |a ana |||  </controlfield>
		<datafield tag="010" ind1=" " ind2=" ">
			<subfield code="a">n  79035872 </subfield>
		</datafield>
		<datafield tag="040" ind1=" " ind2=" ">
			<subfield code="a">DLC</subfield>
			<subfield code="c">DLC</subfield>
		</datafield>
		<datafield tag="110" ind1="2" ind2="0">
			<subfield code="a">Beirut University College.</subfield>
			<subfield code="b">Institute for Women's Studies in the Arab World.</subfield>
		</datafield>
		<datafield tag="410" ind1="2" ind2="0">
			<subfield code="a">Beirut University College.</subfield>
			<subfield code="b">Institute for Women's Studies</subfield>
		</datafield>
		<datafield tag="410" ind1="2" ind2="0">
			<subfield code="a">Beirut University College.</subfield>
			<subfield code="b">Maʿhad al-Dirāsāt al-Nisāʾīyah fī al-ʿĀlam al-ʿArabī</subfield>
		</datafield>
		<datafield tag="670" ind1=" " ind2=" ">
			<subfield code="a">al-Rāʾidah, Ayyār 1976 (a.e.)</subfield>
			<subfield code="b">t.p. (Maʿhad al-Dirāsāt al-Nisāʾīyah fī al-ʿĀlam al-ʿArabī, Kullīyat Bayrūt al-Jāmiʿīyah)</subfield>
		</datafield>
		<datafield tag="670" ind1=" " ind2=" ">
			<subfield code="a">Beirut University College. Catalog, 1975/76:</subfield>
			<subfield code="b">p. 10 (Institute for Women's Studies, BUC has established an Institute for Women's Studies in the Arab World)</subfield>
		</datafield>
	</record>