
	<record>
		<leader>01625cz   2200385n  4500</leader>
		<controlfield tag="001">n  79039880 </controlfield>
		<controlfield tag="003">DLC</controlfield>
		<controlfield tag="005">20010912071348.0</controlfield>
		<controlfield tag="008">790426n| acannaabn          |a ana      </controlfield>
		<datafield tag="010" ind1=" " ind2=" ">
			<subfield code="a">n  79039880 </subfield>
			<subfield code="z">sh 85067882 </subfield>
		</datafield>
		<datafield tag="035" ind1=" " ind2=" ">
			<subfield code="a">(OCoLC)oca00273374</subfield>
		</datafield>
		<datafield tag="040" ind1=" " ind2=" ">
			<subfield code="a">DLC</subfield>
			<subfield code="b">eng</subfield>
			<subfield code="c">DLC</subfield>
			<subfield code="d">DLC</subfield>
			<subfield code="d">MH</subfield>
			<subfield code="d">DLC</subfield>
			<subfield code="d">WaU</subfield>
		</datafield>
		<datafield tag="151" ind1=" " ind2=" ">
			<subfield code="a">Iran</subfield>
		</datafield>
		<datafield tag="451" ind1=" " ind2=" ">
			<subfield code="a">República Islâmica do Irã</subfield>
		</datafield>
		<datafield tag="451" ind1=" " ind2=" ">
			<subfield code="a">Irã</subfield>
		</datafield>
		<datafield tag="451" ind1=" " ind2=" ">
			<subfield code="a">Persia</subfield>
		</datafield>
		<datafield tag="451" ind1=" " ind2=" ">
			<subfield code="a">Northern Tier</subfield>
		</datafield>
		<datafield tag="451" ind1=" " ind2=" ">
			<subfield code="a">Islamic Republic of Iran</subfield>
		</datafield>
		<datafield tag="451" ind1=" " ind2=" ">
			<subfield code="a">Jumhūrī-i Islāmī-i Īrān</subfield>
		</datafield>
		<datafield tag="451" ind1=" " ind2=" ">
			<subfield code="a">I-lang</subfield>
		</datafield>
		<datafield tag="451" ind1=" " ind2=" ">
			<subfield code="a">Paras-Iran</subfield>
		</datafield>
		<datafield tag="451" ind1=" " ind2=" ">
			<subfield code="a">Paras</subfield>
		</datafield>
		<datafield tag="451" ind1=" " ind2=" ">
			<subfield code="a">Persia-Iran</subfield>
		</datafield>
		<datafield tag="451" ind1=" " ind2=" ">
			<subfield code="a">I.R.A.</subfield>
		</datafield>
		<datafield tag="451" ind1=" " ind2=" ">
			<subfield code="a">IRA</subfield>
		</datafield>
		<datafield tag="451" ind1=" " ind2=" ">
			<subfield code="a">Islamische Republik Iran</subfield>
		</datafield>
		<datafield tag="451" ind1=" " ind2=" ">
			<subfield code="a">I.R.I.</subfield>
		</datafield>
		<datafield tag="670" ind1=" " ind2=" ">
			<subfield code="a">BGN tel. call 7/7/80</subfield>
			<subfield code="b">(Islamic Republic of Iran, independent political entity, 32₀0ʹN 53₀0ʹE)</subfield>
		</datafield>
		<datafield tag="670" ind1=" " ind2=" ">
			<subfield code="a">Iran times 11/30/79</subfield>
			<subfield code="b">(Jumhūrī-i Islāmī-i Īrān)</subfield>
		</datafield>
		<datafield tag="670" ind1=" " ind2=" ">
			<subfield code="a">Medeiros, R. A revolução dos turbantes, 1981:</subfield>
			<subfield code="b">t.p. (República Islâmica do Irã) p. 11, etc. (Irã)</subfield>
		</datafield>
		<datafield tag="670" ind1=" " ind2=" ">
			<subfield code="a">Kao, Y.S. Su-o, I-lang, A-fu-han san chiao kuan hsi, 1980:</subfield>
			<subfield code="b">t.p. (I-lang)</subfield>
		</datafield>
		<datafield tag="670" ind1=" " ind2=" ">
			<subfield code="a">Kashani, R. Ḳehilot ha-Yehudim be-Faras-Iran, 1980:</subfield>
			<subfield code="b">t.p. (Paras-Iran) verso t.p. (Persia-Iran [in rom.])</subfield>
		</datafield>
		<datafield tag="670" ind1=" " ind2=" ">
			<subfield code="a">Its Text of the First Economic, Social &amp; Cultural Development Plan of the Islamic Republic of Iran (I.R.A.), 1983:</subfield>
			<subfield code="b">t.p. (I.R.A.)</subfield>
		</datafield>
		<datafield tag="670" ind1=" " ind2=" ">
			<subfield code="a">Spektrum Iran, 2. Jahrg., Heft 3 (1989):</subfield>
			<subfield code="b">p. 1 (Kulturabteilung der Botschaft der Islamischen Republik Iran)</subfield>
		</datafield>
		<datafield tag="670" ind1=" " ind2=" ">
			<subfield code="a">Searching for slender-billed curlews in Iran ... 2001:</subfield>
			<subfield code="b">t.p. (Islamic Republic of Iran) t.p. verso (I.R.I.)</subfield>
		</datafield>
	</record>