
	<record>
		<leader>00413nz   2200145n  4500</leader>
		<controlfield tag="001">n  79040925 </controlfield>
		<controlfield tag="003">DLC</controlfield>
		<controlfield tag="005">19840322000000.0</controlfield>
		<controlfield tag="008">790507n| acannaab|          |n aaa |||  </controlfield>
		<datafield tag="010" ind1=" " ind2=" ">
			<subfield code="a">n  79040925 </subfield>
		</datafield>
		<datafield tag="040" ind1=" " ind2=" ">
			<subfield code="a">DLC</subfield>
			<subfield code="c">DLC</subfield>
		</datafield>
		<datafield tag="053" ind1=" " ind2=" ">
			<subfield code="a">PG1038.21.R84</subfield>
		</datafield>
		<datafield tag="100" ind1="1" ind2="0">
			<subfield code="a">Krŭstev, Ĭoto.</subfield>
		</datafield>
		<datafield tag="670" ind1=" " ind2=" ">
			<subfield code="a">His I ne kaza duma, 1978:</subfield>
			<subfield code="b">t.p. (Ĭoto Krŭstev)</subfield>
		</datafield>
		<datafield tag="670" ind1=" " ind2=" ">
			<subfield code="a">His Zŭrna ot granit, 1978:</subfield>
			<subfield code="b">verso t.p. (Ĭoto Krŭstev; b. 1938)</subfield>
		</datafield>
	</record>