
	<record>
		<leader>01399cz   2200193n  4500</leader>
		<controlfield tag="001">n  79053041 </controlfield>
		<controlfield tag="003">DLC</controlfield>
		<controlfield tag="005">19910328110925.1</controlfield>
		<controlfield tag="008">790530n| acannaab|          |a ana |||  </controlfield>
		<datafield tag="010" ind1=" " ind2=" ">
			<subfield code="a">n  79053041 </subfield>
		</datafield>
		<datafield tag="040" ind1=" " ind2=" ">
			<subfield code="a">DLC</subfield>
			<subfield code="c">DLC</subfield>
			<subfield code="d">DLC</subfield>
		</datafield>
		<datafield tag="110" ind1="2" ind2="0">
			<subfield code="a">American National Standards Institute</subfield>
		</datafield>
		<datafield tag="410" ind1="2" ind2="0">
			<subfield code="a">ANSI</subfield>
		</datafield>
		<datafield tag="410" ind1="2" ind2="0">
			<subfield code="a">A.N.S.I.</subfield>
		</datafield>
		<datafield tag="510" ind1="2" ind2="0">
			<subfield code="w">a</subfield>
			<subfield code="a">United States of America Standards Institute</subfield>
		</datafield>
		<datafield tag="670" ind1=" " ind2=" ">
			<subfield code="a">Its American national standard for the abbreviation of titles ... 1970.</subfield>
		</datafield>
		<datafield tag="670" ind1=" " ind2=" ">
			<subfield code="a">Hess, E.J. Papers, 1949-1976</subfield>
			<subfield code="b">(American National Standards Institute, formerly the United States of America Standards Institute (1967-1969) and the American Standards Association (1928-1966); ANSI the name used during the latest period covered. In the case where the required name is represented in this catalog only under a later form of the name, entry is made under the later form.</subfield>
		</datafield>
		<datafield tag="670" ind1=" " ind2=" ">
			<subfield code="a">LC data base, 03-27-91</subfield>
			<subfield code="b">(hdg.: American National Standards Institute) LC manual cat. (The American Engineering Standards Committee was established in 1917. Following a reorganization in 1928, the name was changed to American Standards Association. The United States of America Standards Institute was founded in 1966 to supersede the association. In 1969 the institute's name was changed to American National Standards Institute)</subfield>
		</datafield>
		<datafield tag="678" ind1=" " ind2=" ">
			<subfield code="a">Name changed from United States of America Standards Institute in Oct. 1969</subfield>
		</datafield>
	</record>