
	<record>
		<leader>01591cz   2200289n  4500</leader>
		<controlfield tag="001">n  79053217 </controlfield>
		<controlfield tag="003">DLC</controlfield>
		<controlfield tag="005">20010205084302.0</controlfield>
		<controlfield tag="008">790629n| acannaab           |a ana      </controlfield>
		<datafield tag="010" ind1=" " ind2=" ">
			<subfield code="a">n  79053217 </subfield>
		</datafield>
		<datafield tag="040" ind1=" " ind2=" ">
			<subfield code="a">DLC</subfield>
			<subfield code="c">DLC</subfield>
			<subfield code="d">DLC</subfield>
			<subfield code="d">NIC</subfield>
			<subfield code="d">DLC</subfield>
		</datafield>
		<datafield tag="110" ind1="2" ind2="0">
			<subfield code="a">Institute of Electrical and Electronics Engineers</subfield>
		</datafield>
		<datafield tag="410" ind1="2" ind2="0">
			<subfield code="a">Igud mehandese ħashmal ve-elektronikah</subfield>
		</datafield>
		<datafield tag="410" ind1="2" ind2="0">
			<subfield code="a">IEEE</subfield>
		</datafield>
		<datafield tag="410" ind1="2" ind2="0">
			<subfield code="a">I.E.E.E.</subfield>
		</datafield>
		<datafield tag="410" ind1="2" ind2="0">
			<subfield code="a">Institute of Electrical and Electronic Engineers</subfield>
		</datafield>
		<datafield tag="410" ind1="2" ind2="0">
			<subfield code="a">Institute of Electronics Engineers (U.S.)</subfield>
		</datafield>
		<datafield tag="410" ind1="2" ind2="0">
			<subfield code="a">Institute of Electrical &amp; Electronics Engineers</subfield>
		</datafield>
		<datafield tag="410" ind1="2" ind2=" ">
			<subfield code="a">Institute of Electronical and Electronics Engineers</subfield>
		</datafield>
		<datafield tag="510" ind1="2" ind2="0">
			<subfield code="w">a</subfield>
			<subfield code="a">Institute of Radio Engineers</subfield>
		</datafield>
		<datafield tag="510" ind1="2" ind2="0">
			<subfield code="w">a</subfield>
			<subfield code="a">American Institute of Electrical Engineers</subfield>
		</datafield>
		<datafield tag="670" ind1=" " ind2=" ">
			<subfield code="a">Its Proceedings, 1913-</subfield>
		</datafield>
		<datafield tag="670" ind1=" " ind2=" ">
			<subfield code="a">IEEE Engineering Management Conference (1983 : Dayton, Ohio). 1983 IEEE Engineering ... c1983:</subfield>
			<subfield code="b">t.p. (Institute of Electrical and Electronic Engineers)</subfield>
		</datafield>
		<datafield tag="670" ind1=" " ind2=" ">
			<subfield code="a">International Conference on Systems, Man, and Cybernetics. Proceedings ... 1983:</subfield>
			<subfield code="b">verso of t.p. (IEEE, Institute of Electronics Engineers)</subfield>
		</datafield>
		<datafield tag="670" ind1=" " ind2=" ">
			<subfield code="a">IASTED Intern'l Symp. on Signal Proc. and Its Applic. (1st : 1987 : Brisbane, Qld.). IASTED Intern'l Symp. on Signal Process. and Its Applications, 1987:</subfield>
			<subfield code="b">v. 1-2, t.p. (IEEE, Institute of Electrical &amp; Electronics Engineers) t.p. verso (Institute of Electrical and Electronics  Engineers, Inc.)</subfield>
		</datafield>
		<datafield tag="670" ind1=" " ind2=" ">
			<subfield code="a">Proceedings, KORUS 2000, c2000:</subfield>
			<subfield code="b">v. 1, cover (Institute of Electronical and Electronics Engineers)</subfield>
		</datafield>
		<datafield tag="678" ind1=" " ind2=" ">
			<subfield code="a">merger of AIEE and IRE, in Jan. 1963</subfield>
		</datafield>
	</record>