
	<record>
		<leader>01787cz   2200361n  4500</leader>
		<controlfield tag="001">n  79053681 </controlfield>
		<controlfield tag="003">DLC</controlfield>
		<controlfield tag="005">19920721072539.7</controlfield>
		<controlfield tag="008">790621i| acannaab|          |a ana |||  </controlfield>
		<datafield tag="010" ind1=" " ind2=" ">
			<subfield code="a">n  79053681 </subfield>
		</datafield>
		<datafield tag="040" ind1=" " ind2=" ">
			<subfield code="a">DLC</subfield>
			<subfield code="c">DLC</subfield>
			<subfield code="d">DLC</subfield>
		</datafield>
		<datafield tag="110" ind1="2" ind2="0">
			<subfield code="a">International Atomic Energy Agency</subfield>
		</datafield>
		<datafield tag="410" ind1="2" ind2="0">
			<subfield code="a">Agence internationale de l'énergie atomique</subfield>
		</datafield>
		<datafield tag="410" ind1="2" ind2="0">
			<subfield code="a">Organismo Internacional de Energía Atómica</subfield>
		</datafield>
		<datafield tag="410" ind1="2" ind2="0">
			<subfield code="a">Mezhdunarodnoe agentstvo po atomnoĭ ėnergii</subfield>
		</datafield>
		<datafield tag="410" ind1="2" ind2="0">
			<subfield code="a">IAEA</subfield>
		</datafield>
		<datafield tag="410" ind1="2" ind2="0">
			<subfield code="a">Mezhdunarodna agentsii︠a︡ za atomna energii︠a︡</subfield>
		</datafield>
		<datafield tag="410" ind1="2" ind2="0">
			<subfield code="a">Internationale Atomenergieorganisation</subfield>
		</datafield>
		<datafield tag="410" ind1="2" ind2="0">
			<subfield code="a">IAEO</subfield>
		</datafield>
		<datafield tag="410" ind1="2" ind2="0">
			<subfield code="a">MAGATE</subfield>
		</datafield>
		<datafield tag="410" ind1="2" ind2="0">
			<subfield code="a">A.I.E.A.</subfield>
		</datafield>
		<datafield tag="410" ind1="2" ind2="0">
			<subfield code="a">Agenzia internazionale energia atomica</subfield>
		</datafield>
		<datafield tag="410" ind1="2" ind2="0">
			<subfield code="a">AIEA</subfield>
		</datafield>
		<datafield tag="410" ind1="2" ind2="0">
			<subfield code="a">I.A.E.A.</subfield>
		</datafield>
		<datafield tag="410" ind1="2" ind2="0">
			<subfield code="a">I.A.E.O.</subfield>
		</datafield>
		<datafield tag="410" ind1="2" ind2="0">
			<subfield code="a">Agência Internacional de Energia Atômica</subfield>
		</datafield>
		<datafield tag="410" ind1="2" ind2="0">
			<subfield code="a">Internationale Atomenergie-Behörde</subfield>
		</datafield>
		<datafield tag="410" ind1="2" ind2="0">
			<subfield code="a">Internationale Atomenergiebehörde</subfield>
		</datafield>
		<datafield tag="667" ind1=" " ind2=" ">
			<subfield code="a">The following subdivisions have not been used as headings: Division of Isotopes; Division of Scientific and Technical Information.</subfield>
		</datafield>
		<datafield tag="670" ind1=" " ind2=" ">
			<subfield code="a">Patterson, M. Man's benefit from the atom, 1955.</subfield>
		</datafield>
		<datafield tag="670" ind1=" " ind2=" ">
			<subfield code="a">Não-proliferação e a Agência Internacional de Energia Atômica, 1978:</subfield>
			<subfield code="b">t.p. (Agência Internacional de Energia Atômica)</subfield>
		</datafield>
		<datafield tag="670" ind1=" " ind2=" ">
			<subfield code="a">Scheinman, L. Die Rolle der Internationalen Atomenergiebehörde bei der Nichtweitergabe von Kernwaffen, 1988:</subfield>
			<subfield code="b">t.p. (Internationalen Atomenergiebehörde) p. 1 (Internationale Atomenergie-Behörde)</subfield>
		</datafield>
		<datafield tag="670" ind1=" " ind2=" ">
			<subfield code="a">Int'l Fed. for Hyg. and Prev. Med. (3rd : 1962 : Vienna, Austria). 3. Int'l Kong. d. Int'len Föd. f. Hyg. u. Präventivmedizin ... 1962?- :</subfield>
			<subfield code="b">v. 1, t.p. (Internationalen Atombehörde; International Atomic Energy Agency; Agence internationale de l'énergie atomique)</subfield>
		</datafield>
	</record>