
	<record>
		<leader>00996cz   2200205n  4500</leader>
		<controlfield tag="001">n  79054179 </controlfield>
		<controlfield tag="003">DLC</controlfield>
		<controlfield tag="005">20010713084457.0</controlfield>
		<controlfield tag="008">790622n| acannaab           |a aaa      </controlfield>
		<datafield tag="010" ind1=" " ind2=" ">
			<subfield code="a">n  79054179 </subfield>
		</datafield>
		<datafield tag="040" ind1=" " ind2=" ">
			<subfield code="a">DLC</subfield>
			<subfield code="c">DLC</subfield>
			<subfield code="d">DLC</subfield>
		</datafield>
		<datafield tag="100" ind1="1" ind2="0">
			<subfield code="a">Said, Edward W.</subfield>
		</datafield>
		<datafield tag="400" ind1="1" ind2="0">
			<subfield code="a">Saʿīd, Idwārd W.</subfield>
		</datafield>
		<datafield tag="400" ind1="1" ind2="0">
			<subfield code="a">Saidŭ</subfield>
		</datafield>
		<datafield tag="670" ind1=" " ind2=" ">
			<subfield code="a">His Joseph Conrad and the fiction of autobiography, 1966.</subfield>
		</datafield>
		<datafield tag="670" ind1=" " ind2=" ">
			<subfield code="a">His al-Istishrāq, 1981:</subfield>
			<subfield code="b">t.p. (Idwārd W. Saʿīd)</subfield>
		</datafield>
		<datafield tag="670" ind1=" " ind2=" ">
			<subfield code="a">Tʿal kujojuŭi ŭi ihae, 1988:</subfield>
			<subfield code="b">t.p. (Saidŭ)</subfield>
		</datafield>
		<datafield tag="670" ind1=" " ind2=" ">
			<subfield code="a">Rouleau, E. Infor. and misinform. in Euro-Arab relations, 1988:</subfield>
			<subfield code="b">t.p. (Edward Said)</subfield>
		</datafield>
		<datafield tag="670" ind1=" " ind2=" ">
			<subfield code="a">His Nationalism, colonialism, and literature, 1988:</subfield>
			<subfield code="b">t.p. (Edward W. Said) Brit. Lib. CIP data, t.p. verso (Said, Edward W. (Edward William [sic])</subfield>
		</datafield>
		<datafield tag="670" ind1=" " ind2=" ">
			<subfield code="a">Not quite right, 1999:</subfield>
			<subfield code="b">CIP t.p. (Edward W. Said) galley (univ. prof. of English and comparative lit., Columbia University; b. 1935 in Palestine; raised in Cairo; former member, Palestinian Natl. Council of the PLO)</subfield>
		</datafield>
	</record>