
	<record>
		<leader>00566nz   2200193n  4500</leader>
		<controlfield tag="001">n  79054611 </controlfield>
		<controlfield tag="003">DLC</controlfield>
		<controlfield tag="005">19840322000000.0</controlfield>
		<controlfield tag="008">790622n| acannaab|          |a aaa |||  </controlfield>
		<datafield tag="010" ind1=" " ind2=" ">
			<subfield code="a">n  79054611 </subfield>
		</datafield>
		<datafield tag="040" ind1=" " ind2=" ">
			<subfield code="a">DLC</subfield>
			<subfield code="c">DLC</subfield>
		</datafield>
		<datafield tag="100" ind1="1" ind2="0">
			<subfield code="a">Ali, Muhammad,</subfield>
			<subfield code="d">1942-</subfield>
		</datafield>
		<datafield tag="400" ind1="1" ind2="0">
			<subfield code="a">Clay, Cassius,</subfield>
			<subfield code="d">1942-</subfield>
		</datafield>
		<datafield tag="400" ind1="0" ind2="0">
			<subfield code="a">Cassius X,</subfield>
			<subfield code="d">1942-</subfield>
		</datafield>
		<datafield tag="400" ind1="1" ind2="0">
			<subfield code="a">X, Cassius,</subfield>
			<subfield code="d">1942-</subfield>
		</datafield>
		<datafield tag="400" ind1="1" ind2="0">
			<subfield code="a">Ali, Muhammed,</subfield>
			<subfield code="d">1942-</subfield>
		</datafield>
		<datafield tag="400" ind1="0" ind2="0">
			<subfield code="a">Muhammad Ali,</subfield>
			<subfield code="d">1942-</subfield>
		</datafield>
		<datafield tag="670" ind1=" " ind2=" ">
			<subfield code="a">His I am the greatest! [Phonodisc] 1963.</subfield>
		</datafield>
		<datafield tag="670" ind1=" " ind2=" ">
			<subfield code="a">Kaletsky, R. Ali and me, c1982 (a.e.)</subfield>
			<subfield code="b">p. 11 (Cassius Marcellus Clay)</subfield>
		</datafield>
	</record>