
	<record>
		<leader>00531cz   2200169n  4500</leader>
		<controlfield tag="001">n  79055478 </controlfield>
		<controlfield tag="003">DLC</controlfield>
		<controlfield tag="005">19980918142229.3</controlfield>
		<controlfield tag="008">790627n| acannaab|          |a aaa |||  </controlfield>
		<datafield tag="010" ind1=" " ind2=" ">
			<subfield code="a">n  79055478 </subfield>
		</datafield>
		<datafield tag="040" ind1=" " ind2=" ">
			<subfield code="a">DLC</subfield>
			<subfield code="c">DLC</subfield>
			<subfield code="d">DLC</subfield>
			<subfield code="d">MdU</subfield>
			<subfield code="d">DLC</subfield>
		</datafield>
		<datafield tag="100" ind1="1" ind2="0">
			<subfield code="a">Renoir, Auguste,</subfield>
			<subfield code="d">1841-1919</subfield>
		</datafield>
		<datafield tag="400" ind1="1" ind2="0">
			<subfield code="a">Renoir, Pierre Auguste,</subfield>
			<subfield code="d">1841-1919</subfield>
		</datafield>
		<datafield tag="400" ind1="1" ind2="0">
			<subfield code="a">Renuar, Ogi︠u︡st,</subfield>
			<subfield code="d">1841-1919</subfield>
		</datafield>
		<datafield tag="400" ind1="1" ind2="0">
			<subfield code="a">Renoar, Pjer-Ogist,</subfield>
			<subfield code="d">1841-1919</subfield>
		</datafield>
		<datafield tag="670" ind1=" " ind2=" ">
			<subfield code="a">His Exposition A. Renoir ... 1892.</subfield>
		</datafield>
		<datafield tag="670" ind1=" " ind2=" ">
			<subfield code="a">Renoar, 1997:</subfield>
			<subfield code="b">t.p. (Renoar) colophon (Renoar, Pjer-Ogist)</subfield>
		</datafield>
	</record>