
	<record>
		<leader>00691cz   2200217n  4500</leader>
		<controlfield tag="001">n  79058833 </controlfield>
		<controlfield tag="003">DLC</controlfield>
		<controlfield tag="005">20000415150358.0</controlfield>
		<controlfield tag="008">790710n| acannaabn          |a aaa      </controlfield>
		<datafield tag="010" ind1=" " ind2=" ">
			<subfield code="a">n  79058833 </subfield>
		</datafield>
		<datafield tag="035" ind1=" " ind2=" ">
			<subfield code="a">(OCoLC)oca00291889</subfield>
		</datafield>
		<datafield tag="040" ind1=" " ind2=" ">
			<subfield code="a">DLC</subfield>
			<subfield code="b">eng</subfield>
			<subfield code="c">DLC</subfield>
			<subfield code="d">DLC</subfield>
			<subfield code="d">NIC</subfield>
			<subfield code="d">OCoLC</subfield>
		</datafield>
		<datafield tag="053" ind1=" " ind2=" ">
			<subfield code="a">PQ7519.C34</subfield>
		</datafield>
		<datafield tag="100" ind1="1" ind2=" ">
			<subfield code="a">Cardenal, Ernesto</subfield>
		</datafield>
		<datafield tag="400" ind1="1" ind2=" ">
			<subfield code="a">Karntenal, Ernesto</subfield>
		</datafield>
		<datafield tag="400" ind1="1" ind2=" ">
			<subfield code="a">Cardenal Martínez, Ernesto</subfield>
		</datafield>
		<datafield tag="400" ind1="1" ind2=" ">
			<subfield code="a">Martínez, Ernesto Cardenal</subfield>
		</datafield>
		<datafield tag="670" ind1=" " ind2=" ">
			<subfield code="a">His Ansias y lengua de la poesía nueva nicaragüen, 194-</subfield>
		</datafield>
		<datafield tag="670" ind1=" " ind2=" ">
			<subfield code="a">Ernesto Karntenal kai Roke Ḏalton, 1992.</subfield>
		</datafield>
		<datafield tag="670" ind1=" " ind2=" ">
			<subfield code="a">Vida perdida, c1999- :</subfield>
			<subfield code="b">v. 1, Nicaraguan CIP (Cardenal Martínez, Ernesto)</subfield>
		</datafield>
		<datafield tag="678" ind1=" " ind2=" ">
			<subfield code="a">b. 1925</subfield>
		</datafield>
	</record>