
	<record>
		<leader>00287cz   2200121n  4500</leader>
		<controlfield tag="001">n  79058889 </controlfield>
		<controlfield tag="003">DLC</controlfield>
		<controlfield tag="005">20010319173008.0</controlfield>
		<controlfield tag="008">790710n| acannaab           |a ana      </controlfield>
		<datafield tag="010" ind1=" " ind2=" ">
			<subfield code="a">n  79058889 </subfield>
			<subfield code="z">n  93050004 </subfield>
		</datafield>
		<datafield tag="040" ind1=" " ind2=" ">
			<subfield code="a">DLC</subfield>
			<subfield code="b">eng</subfield>
			<subfield code="c">DLC</subfield>
			<subfield code="d">DLC</subfield>
		</datafield>
		<datafield tag="130" ind1=" " ind2="0">
			<subfield code="a">Mother Goose</subfield>
		</datafield>
		<datafield tag="430" ind1=" " ind2="0">
			<subfield code="a">Nursery rhymes</subfield>
		</datafield>
	</record>