
	<record>
		<leader>00705cz   2200181n  4500</leader>
		<controlfield tag="001">n  79059709 </controlfield>
		<controlfield tag="003">DLC</controlfield>
		<controlfield tag="005">19850312124405.7</controlfield>
		<controlfield tag="008">790628n| acannaab|          |a ana |||  </controlfield>
		<datafield tag="010" ind1=" " ind2=" ">
			<subfield code="a">n  79059709 </subfield>
		</datafield>
		<datafield tag="040" ind1=" " ind2=" ">
			<subfield code="a">DLC</subfield>
			<subfield code="c">DLC</subfield>
			<subfield code="d">DLC</subfield>
		</datafield>
		<datafield tag="111" ind1="2" ind2="0">
			<subfield code="a">International School of Physics "Enrico Fermi."</subfield>
		</datafield>
		<datafield tag="410" ind1="2" ind2="0">
			<subfield code="w">nnaa</subfield>
			<subfield code="a">Varenna, Italy.</subfield>
			<subfield code="b">Scuola internazionale di fisica</subfield>
		</datafield>
		<datafield tag="411" ind1="2" ind2="0">
			<subfield code="a">Scuola internazionale di fisica "Enrico Fermi"</subfield>
		</datafield>
		<datafield tag="411" ind1="2" ind2="0">
			<subfield code="a">Scuola internazionale di fisica della Società italiana di fisica</subfield>
		</datafield>
		<datafield tag="411" ind1="2" ind2="0">
			<subfield code="a">School of Physics "Enrico Fermi," International</subfield>
		</datafield>
		<datafield tag="667" ind1=" " ind2=" ">
			<subfield code="a">Originally established in old catalog as a corp. body; coding changed to 111: 2-14-85 bh97.</subfield>
		</datafield>
		<datafield tag="670" ind1=" " ind2=" ">
			<subfield code="a">Its Fisica del plasma, 1960.</subfield>
		</datafield>
	</record>