
	<record>
		<leader>02816cz   2200361n  4500</leader>
		<controlfield tag="001">n  79069640 </controlfield>
		<controlfield tag="003">DLC</controlfield>
		<controlfield tag="005">19961119092436.3</controlfield>
		<controlfield tag="008">790705n| acannaab|          |a ana |||  </controlfield>
		<datafield tag="010" ind1=" " ind2=" ">
			<subfield code="a">n  79069640 </subfield>
			<subfield code="z">n  80066598 </subfield>
			<subfield code="z">n  86040098 </subfield>
			<subfield code="z">sh 85140736 </subfield>
		</datafield>
		<datafield tag="040" ind1=" " ind2=" ">
			<subfield code="a">DLC</subfield>
			<subfield code="c">DLC</subfield>
			<subfield code="d">DLC</subfield>
			<subfield code="d">DI</subfield>
			<subfield code="d">DGPO</subfield>
			<subfield code="d">DLC</subfield>
			<subfield code="d">N</subfield>
			<subfield code="d">DGPO</subfield>
			<subfield code="d">DLC</subfield>
		</datafield>
		<datafield tag="110" ind1="1" ind2="0">
			<subfield code="a">United States.</subfield>
			<subfield code="b">Army.</subfield>
			<subfield code="b">Corps of Engineers</subfield>
		</datafield>
		<datafield tag="410" ind1="1" ind2="0">
			<subfield code="a">United States.</subfield>
			<subfield code="b">Corps of Engineers</subfield>
		</datafield>
		<datafield tag="410" ind1="1" ind2="0">
			<subfield code="a">United States.</subfield>
			<subfield code="b">Engineer Dept.</subfield>
		</datafield>
		<datafield tag="410" ind1="1" ind2="0">
			<subfield code="a">United States.</subfield>
			<subfield code="b">Dept. of the Army.</subfield>
			<subfield code="b">Corps of Engineers</subfield>
		</datafield>
		<datafield tag="410" ind1="1" ind2="0">
			<subfield code="a">United States.</subfield>
			<subfield code="b">Army Service Forces.</subfield>
			<subfield code="b">Corps of Engineers</subfield>
		</datafield>
		<datafield tag="410" ind1="1" ind2="0">
			<subfield code="a">United States.</subfield>
			<subfield code="b">Army.</subfield>
			<subfield code="b">COE</subfield>
		</datafield>
		<datafield tag="410" ind1="2" ind2="0">
			<subfield code="a">COE</subfield>
		</datafield>
		<datafield tag="410" ind1="2" ind2="0">
			<subfield code="a">USACE</subfield>
		</datafield>
		<datafield tag="410" ind1="1" ind2="0">
			<subfield code="a">United States.</subfield>
			<subfield code="b">Army.</subfield>
			<subfield code="b">Corps of Engineers.</subfield>
			<subfield code="b">Headquarters</subfield>
		</datafield>
		<datafield tag="410" ind1="2" ind2="0">
			<subfield code="a">Corps of Engineers (U.S.)</subfield>
		</datafield>
		<datafield tag="410" ind1="2" ind2="0">
			<subfield code="a">US Army Corps of Engineers</subfield>
		</datafield>
		<datafield tag="410" ind1="2" ind2="0">
			<subfield code="a">U.S. Army Corps of Engineers</subfield>
		</datafield>
		<datafield tag="510" ind1="1" ind2="0">
			<subfield code="a">United States.</subfield>
			<subfield code="b">Army.</subfield>
			<subfield code="b">Corps of Topographical Engineers</subfield>
		</datafield>
		<datafield tag="510" ind1="1" ind2="0">
			<subfield code="a">United States.</subfield>
			<subfield code="b">Board of Engineer Troops</subfield>
		</datafield>
		<datafield tag="510" ind1="1" ind2="0">
			<subfield code="w">a</subfield>
			<subfield code="a">United States.</subfield>
			<subfield code="b">War Dept.</subfield>
			<subfield code="b">Corps of Engineers</subfield>
		</datafield>
		<datafield tag="667" ind1=" " ind2=" ">
			<subfield code="a">The following subdivisions have not been used as headings: Airfields Branch; Army Engineer District, Gulf; Army Engineer Division, Ohio; Construction Division; Engineer District, Garrison, N.D.; Engineer Field Maintenance Office; Engineer Intelligence Division; Engineer Intelligence Section; Engineer Research Office; Engineer Research Section; Engineer Training Section; Field Operations Branch; Gulf District, Burma Area; Library Section; Office of the District Engineer; Office of the District Engineer, Galveston; Office of the Division Engineer; Office Service Division; Ohio Flood Board; Ohio River Division Laboratories; Permafrost Division; Pittsburgh District; Publications Branch; Reports, Statistics &amp; Research Branch, ASD; Rigid Pavement Laboratory; 7465 AU Engineer; 7465 Engineer Reproduction Plant, Corozal, C.Z.; Soils, Foundation, and Frost Effects Laboratory; Zanesville Engineer District</subfield>
		</datafield>
		<datafield tag="670" ind1=" " ind2=" ">
			<subfield code="a">Geomorphic analysis, Fire Island Inlet to ... 1986:</subfield>
			<subfield code="b">t.p. (U.S. Army COE)</subfield>
		</datafield>
		<datafield tag="670" ind1=" " ind2=" ">
			<subfield code="a">The History of the US Army Corps of Engineers, 1986:</subfield>
			<subfield code="b">p. 132 (Headquarters, U.S. Army Corps of Engineers)</subfield>
		</datafield>
		<datafield tag="670" ind1=" " ind2=" ">
			<subfield code="a">Reuss, M.  Financing water resources development, 1983:</subfield>
			<subfield code="b">cover (US Army Corps of Engineers, Office of the Chief of Engineers)</subfield>
		</datafield>
		<datafield tag="670" ind1=" " ind2=" ">
			<subfield code="a">U.S. Army Engineer Institute for Water Resources. Hazardous and toxic waste (HTW) contracting problems [MI], 1990:</subfield>
			<subfield code="b">t.p. (U.S. Army Corps of Engineers) rept. doc. p. (USACE)</subfield>
		</datafield>
		<datafield tag="670" ind1=" " ind2=" ">
			<subfield code="a">Chu, D. Field demonstration of the acceptance test procedure ... 1990:</subfield>
			<subfield code="b">t.p. (US Army Corps of Engineers; U.S. Army Corps of Engineers)</subfield>
		</datafield>
		<datafield tag="675" ind1=" " ind2=" ">
			<subfield code="a">Engineering manual for War Department construction, May 1947: t.p. (War Department, Corps of Engineers; United States)</subfield>
		</datafield>
	</record>