
	<record>
		<leader>01004cz   2200289n  4500</leader>
		<controlfield tag="001">n  79071197 </controlfield>
		<controlfield tag="003">DLC</controlfield>
		<controlfield tag="005">19900510072746.1</controlfield>
		<controlfield tag="008">790815n| acannaab|          |a ana |||  </controlfield>
		<datafield tag="010" ind1=" " ind2=" ">
			<subfield code="a">n  79071197 </subfield>
		</datafield>
		<datafield tag="040" ind1=" " ind2=" ">
			<subfield code="a">DLC</subfield>
			<subfield code="c">DLC</subfield>
			<subfield code="d">DLC</subfield>
		</datafield>
		<datafield tag="110" ind1="2" ind2="0">
			<subfield code="a">Organization of Petroleum Exporting Countries</subfield>
		</datafield>
		<datafield tag="410" ind1="2" ind2="0">
			<subfield code="a">Organización de Países Exportadores de Petróleo</subfield>
		</datafield>
		<datafield tag="410" ind1="2" ind2="0">
			<subfield code="a">Organisation of Petroleum Exporting Countries</subfield>
		</datafield>
		<datafield tag="410" ind1="2" ind2="0">
			<subfield code="a">O.P.E.C.</subfield>
		</datafield>
		<datafield tag="410" ind1="2" ind2="0">
			<subfield code="a">OPEC</subfield>
		</datafield>
		<datafield tag="410" ind1="2" ind2="0">
			<subfield code="a">Munazẓamat al-Buldān al-Muṣaddirah li-Nafṭ</subfield>
		</datafield>
		<datafield tag="410" ind1="2" ind2="0">
			<subfield code="a">OPEP</subfield>
		</datafield>
		<datafield tag="410" ind1="2" ind2="0">
			<subfield code="a">Organization of the Petroleum Exporting Countries</subfield>
		</datafield>
		<datafield tag="410" ind1="2" ind2="0">
			<subfield code="a">Sekiyu Yushutsukoku Kikō</subfield>
		</datafield>
		<datafield tag="410" ind1="2" ind2="0">
			<subfield code="a">Organizația Țărilor Exportatoare de Petrol</subfield>
		</datafield>
		<datafield tag="410" ind1="2" ind2="0">
			<subfield code="a">Ūbbik</subfield>
		</datafield>
		<datafield tag="410" ind1="2" ind2="0">
			<subfield code="a">O.P.E.P.</subfield>
		</datafield>
		<datafield tag="410" ind1="2" ind2="0">
			<subfield code="a">OPEK</subfield>
		</datafield>
		<datafield tag="670" ind1=" " ind2=" ">
			<subfield code="a">Venezuela. Presidencia. Secretaría General.</subfield>
			<subfield code="b">Venezuela and OPEC, 1961.</subfield>
		</datafield>
		<datafield tag="670" ind1=" " ind2=" ">
			<subfield code="a">Seĭfulʹmuli︠u︡kov, I.A. Strany OPEK v razvivai︠u︡shchemsi︠a︡ mire, 1989:</subfield>
			<subfield code="b">t.p. (OPEK)</subfield>
		</datafield>
		<datafield tag="678" ind1=" " ind2=" ">
			<subfield code="a">Formed 10th-14th Sept. 1960.</subfield>
		</datafield>
	</record>