
	<record>
		<leader>01089cz   2200289n  4500</leader>
		<controlfield tag="001">n  79072961 </controlfield>
		<controlfield tag="003">DLC</controlfield>
		<controlfield tag="005">19980103051028.7</controlfield>
		<controlfield tag="008">790816n| acannaab|          |a ana |||  </controlfield>
		<datafield tag="010" ind1=" " ind2=" ">
			<subfield code="a">n  79072961 </subfield>
			<subfield code="z">n  79133303 </subfield>
		</datafield>
		<datafield tag="035" ind1=" " ind2=" ">
			<subfield code="a">(OCoLC)oca00305707 </subfield>
		</datafield>
		<datafield tag="040" ind1=" " ind2=" ">
			<subfield code="a">DLC</subfield>
			<subfield code="c">DLC</subfield>
			<subfield code="d">DLC-S</subfield>
		</datafield>
		<datafield tag="110" ind1="1" ind2="0">
			<subfield code="a">Great Britain.</subfield>
			<subfield code="b">Metropolitan Police Office</subfield>
		</datafield>
		<datafield tag="410" ind1="1" ind2="0">
			<subfield code="a">London (England).</subfield>
			<subfield code="b">Metropolitan Police Office</subfield>
		</datafield>
		<datafield tag="410" ind1="1" ind2="0">
			<subfield code="a">Great Britain.</subfield>
			<subfield code="b">Metropolitan Police Force</subfield>
		</datafield>
		<datafield tag="410" ind1="2" ind2="0">
			<subfield code="a">London Metropolitan Police</subfield>
		</datafield>
		<datafield tag="410" ind1="2" ind2="0">
			<subfield code="a">Scotland Yard</subfield>
		</datafield>
		<datafield tag="410" ind1="2" ind2="0">
			<subfield code="a">New Scotland Yard</subfield>
		</datafield>
		<datafield tag="410" ind1="2" ind2="0">
			<subfield code="a">Metropolitan Police Office (Great Britain)</subfield>
		</datafield>
		<datafield tag="410" ind1="2" ind2="0">
			<subfield code="a">Metropolitan Police Force (Great Britain)</subfield>
		</datafield>
		<datafield tag="410" ind1="2" ind2="0">
			<subfield code="a">Metropolitan Police (Great Britain)</subfield>
		</datafield>
		<datafield tag="410" ind1="1" ind2="0">
			<subfield code="a">Great Britain.</subfield>
			<subfield code="b">Metropolitan Police</subfield>
		</datafield>
		<datafield tag="410" ind1="1" ind2="0">
			<subfield code="a">Great Britain.</subfield>
			<subfield code="b">Scotland Yard</subfield>
		</datafield>
		<datafield tag="410" ind1="1" ind2="0">
			<subfield code="a">Great Britain.</subfield>
			<subfield code="b">New Scotland Yard</subfield>
		</datafield>
		<datafield tag="510" ind1="1" ind2="0">
			<subfield code="w">b</subfield>
			<subfield code="a">Great Britain.</subfield>
			<subfield code="b">Metropolitan Police Service</subfield>
		</datafield>
		<datafield tag="667" ind1=" " ind2=" ">
			<subfield code="a">Substitute</subfield>
		</datafield>
		<datafield tag="675" ind1=" " ind2=" ">
			<subfield code="a">Great Britain. Metropolitan Police Service. Policing plan, 1996/97: t.p. (Metropolitan Police Service; London, England)</subfield>
		</datafield>
	</record>