
	<record>
		<leader>01637cz   2200301n  4500</leader>
		<controlfield tag="001">n  79079109 </controlfield>
		<controlfield tag="003">DLC</controlfield>
		<controlfield tag="005">19920110140326.7</controlfield>
		<controlfield tag="008">790917n| acannaab|          |a ana |||  </controlfield>
		<datafield tag="010" ind1=" " ind2=" ">
			<subfield code="a">n  79079109 </subfield>
		</datafield>
		<datafield tag="040" ind1=" " ind2=" ">
			<subfield code="a">DLC</subfield>
			<subfield code="c">DLC</subfield>
			<subfield code="d">DLC</subfield>
		</datafield>
		<datafield tag="110" ind1="2" ind2="0">
			<subfield code="a">United Nations.</subfield>
			<subfield code="b">Eighteen-Nation Committee on Disarmament</subfield>
		</datafield>
		<datafield tag="410" ind1="2" ind2="0">
			<subfield code="a">United Nations.</subfield>
			<subfield code="b">General Assembly.</subfield>
			<subfield code="b">Disarmament Committee</subfield>
		</datafield>
		<datafield tag="410" ind1="2" ind2="0">
			<subfield code="a">United Nations.</subfield>
			<subfield code="b">Disarmament Committee</subfield>
		</datafield>
		<datafield tag="410" ind1="2" ind2="0">
			<subfield code="w">nna</subfield>
			<subfield code="a">United Nations.</subfield>
			<subfield code="b">General Assembly.</subfield>
			<subfield code="b">Eighteen-Nation Committee on Disarmament.</subfield>
		</datafield>
		<datafield tag="410" ind1="2" ind2="0">
			<subfield code="a">Eighteen-Nation Committee on Disarmament</subfield>
		</datafield>
		<datafield tag="410" ind1="2" ind2="0">
			<subfield code="a">United Nations.</subfield>
			<subfield code="b">Comité de Desarme compuesto de Dieciocho Naciones</subfield>
		</datafield>
		<datafield tag="410" ind1="2" ind2="0">
			<subfield code="a">United Nations.</subfield>
			<subfield code="b">Comité des dix-huit puissances sur le désarmement</subfield>
		</datafield>
		<datafield tag="410" ind1="2" ind2="0">
			<subfield code="a">United Nations.</subfield>
			<subfield code="b">Comité das Dezoito Potências sôbre o Desarmamento</subfield>
		</datafield>
		<datafield tag="410" ind1="2" ind2="0">
			<subfield code="a">United Nations.</subfield>
			<subfield code="b">Eighteen-Nation Disarmament Committee</subfield>
		</datafield>
		<datafield tag="410" ind1="2" ind2="0">
			<subfield code="a">ENDC</subfield>
		</datafield>
		<datafield tag="510" ind1="2" ind2="0">
			<subfield code="w">b</subfield>
			<subfield code="a">United Nations.</subfield>
			<subfield code="b">Conference of the Committee on Disarmament</subfield>
		</datafield>
		<datafield tag="667" ind1=" " ind2=" ">
			<subfield code="a">Unused subdivision: Committee of the Whole.</subfield>
		</datafield>
		<datafield tag="670" ind1=" " ind2=" ">
			<subfield code="a">Russia (1923- USSR). No arms--no wars, 1962.</subfield>
		</datafield>
		<datafield tag="670" ind1=" " ind2=" ">
			<subfield code="a">O Brasil na Conferência do Desarmamento, 1963:</subfield>
			<subfield code="b">p. 3 (Comité das Dezoito Potências sôbre o Desarmamento)</subfield>
		</datafield>
		<datafield tag="670" ind1=" " ind2=" ">
			<subfield code="a">UN. Eighteen-Nation Com. on Disarmament. Committee on Disarmament, 1962-1984 [microform], c1985.</subfield>
		</datafield>
		<datafield tag="670" ind1=" " ind2=" ">
			<subfield code="a">Morris, E.F. The verification issue in United Nations ... 1987:</subfield>
			<subfield code="b">p. 2 (Eighteen-Nation Disarmament Committee (ENDC) est. 1962; expanded in 1969 to include 22 nations, reorganized and named the Conference of the Committee on Disarmament)</subfield>
		</datafield>
		<datafield tag="678" ind1=" " ind2=" ">
			<subfield code="a">Est. Dec., 1961</subfield>
		</datafield>
	</record>