
	<record>
		<leader>00862cz   2200205n  4500</leader>
		<controlfield tag="001">n  79088105 </controlfield>
		<controlfield tag="003">DLC</controlfield>
		<controlfield tag="005">19970115065044.9</controlfield>
		<controlfield tag="008">790810n| acannaab|          |a aaa |||  </controlfield>
		<datafield tag="010" ind1=" " ind2=" ">
			<subfield code="a">n  79088105 </subfield>
		</datafield>
		<datafield tag="035" ind1=" " ind2=" ">
			<subfield code="a">(OCoLC)oca00320497 </subfield>
		</datafield>
		<datafield tag="040" ind1=" " ind2=" ">
			<subfield code="a">DLC</subfield>
			<subfield code="c">DLC</subfield>
			<subfield code="d">DLC</subfield>
			<subfield code="d">PPi-MA</subfield>
		</datafield>
		<datafield tag="100" ind1="1" ind2="0">
			<subfield code="a">Dupré, Marcel,</subfield>
			<subfield code="d">1886-1971.</subfield>
			<subfield code="t">Variations sur un noël</subfield>
		</datafield>
		<datafield tag="400" ind1="1" ind2="0">
			<subfield code="a">Dupré, Marcel,</subfield>
			<subfield code="d">1886-1971.</subfield>
			<subfield code="t">Variationer över en gammalfransk julvisa</subfield>
		</datafield>
		<datafield tag="400" ind1="1" ind2="0">
			<subfield code="a">Dupré, Marcel,</subfield>
			<subfield code="d">1886-1971.</subfield>
			<subfield code="t">Vianočné variácie</subfield>
		</datafield>
		<datafield tag="400" ind1="1" ind2="0">
			<subfield code="a">Dupré, Marcel,</subfield>
			<subfield code="d">1886-1971.</subfield>
			<subfield code="t">Variations on a noël</subfield>
		</datafield>
		<datafield tag="400" ind1="1" ind2="0">
			<subfield code="a">Dupré, Marcel,</subfield>
			<subfield code="d">1886-1971.</subfield>
			<subfield code="t">Variations sur un vieux noël</subfield>
		</datafield>
		<datafield tag="670" ind1=" " ind2=" ">
			<subfield code="a">Gotthard Arnér spelar orgel [SR] p1970 (a.e.)</subfield>
			<subfield code="b">label (Variationer över en gammalfransk julvisa)</subfield>
		</datafield>
		<datafield tag="670" ind1=" " ind2=" ">
			<subfield code="a">Dupré, M. Variations sur un noël, c1923.</subfield>
		</datafield>
		<datafield tag="670" ind1=" " ind2=" ">
			<subfield code="a">New Grove</subfield>
			<subfield code="b">(Variations sur un vieux noël, op. 20, 1922)</subfield>
		</datafield>
	</record>