
	<record>
		<leader>00959cz   2200193n  4500</leader>
		<controlfield tag="001">n  79096725 </controlfield>
		<controlfield tag="003">DLC</controlfield>
		<controlfield tag="005">19900815122634.7</controlfield>
		<controlfield tag="008">790823n| acannaab|          |a ana |||  </controlfield>
		<datafield tag="010" ind1=" " ind2=" ">
			<subfield code="a">n  79096725 </subfield>
		</datafield>
		<datafield tag="040" ind1=" " ind2=" ">
			<subfield code="a">DLC</subfield>
			<subfield code="c">DLC</subfield>
			<subfield code="d">DLC</subfield>
		</datafield>
		<datafield tag="110" ind1="2" ind2="0">
			<subfield code="a">IEEE Audio Group</subfield>
		</datafield>
		<datafield tag="410" ind1="2" ind2="0">
			<subfield code="a">IEEE Professional Technical Group on Audio</subfield>
		</datafield>
		<datafield tag="410" ind1="2" ind2="0">
			<subfield code="w">nna</subfield>
			<subfield code="a">Institute of Electrical and Electronics Engineers.</subfield>
			<subfield code="b">Audio Group</subfield>
		</datafield>
		<datafield tag="510" ind1="2" ind2="0">
			<subfield code="w">a</subfield>
			<subfield code="a">IRE Professional Group on Audio</subfield>
		</datafield>
		<datafield tag="510" ind1="2" ind2="0">
			<subfield code="w">b</subfield>
			<subfield code="a">IEEE Audio and Electroacoustics Group</subfield>
		</datafield>
		<datafield tag="667" ind1=" " ind2=" ">
			<subfield code="a">The following heading for an earlier name is a valid AACR2 heading: IEEE Professional Technical Group on Audio.</subfield>
		</datafield>
		<datafield tag="667" ind1=" " ind2=" ">
			<subfield code="a">In Jan. 1963 the IRE Professional Group on Audio became the IEEE Professional Technical Group on Audio. The name of this body was changed in Mar. 1964 to IEEE Audio Group; in Aug. 1965 IEEE Audio Group changed its name to IEEE Audio and Electroacoustics Group.</subfield>
		</datafield>
		<datafield tag="670" ind1=" " ind2=" ">
			<subfield code="a">IEEE transactions on audio, Jan./Feb., 1954-</subfield>
		</datafield>
	</record>