
	<record>
		<leader>00356nz   2200121n  4500</leader>
		<controlfield tag="001">n  79097650 </controlfield>
		<controlfield tag="003">DLC</controlfield>
		<controlfield tag="005">19840322000000.0</controlfield>
		<controlfield tag="008">790824n| acannaab|          |n ana |||  </controlfield>
		<datafield tag="010" ind1=" " ind2=" ">
			<subfield code="a">n  79097650 </subfield>
		</datafield>
		<datafield tag="040" ind1=" " ind2=" ">
			<subfield code="a">DLC</subfield>
			<subfield code="c">DLC</subfield>
		</datafield>
		<datafield tag="110" ind1="2" ind2="0">
			<subfield code="a">Wall Street Journal (Firm)</subfield>
		</datafield>
		<datafield tag="670" ind1=" " ind2=" ">
			<subfield code="a">Its Marketing Services Dept. Opinion leaders, c1979 (subdiv.)</subfield>
			<subfield code="b">t.p. (The Wall Street Journal)</subfield>
		</datafield>
	</record>