
	<record>
		<leader>00722cz   2200157n  4500</leader>
		<controlfield tag="001">n  79113822 </controlfield>
		<controlfield tag="003">DLC</controlfield>
		<controlfield tag="005">19960815091555.7</controlfield>
		<controlfield tag="008">800717n| acannaab|          |a ana |||  </controlfield>
		<datafield tag="010" ind1=" " ind2=" ">
			<subfield code="a">n  79113822 </subfield>
		</datafield>
		<datafield tag="040" ind1=" " ind2=" ">
			<subfield code="a">DLC</subfield>
			<subfield code="c">DLC</subfield>
			<subfield code="d">OCoLC</subfield>
			<subfield code="d">DLC</subfield>
		</datafield>
		<datafield tag="110" ind1="2" ind2="0">
			<subfield code="a">Washington Redskins (Football team)</subfield>
		</datafield>
		<datafield tag="410" ind1="1" ind2="0">
			<subfield code="w">nnaa</subfield>
			<subfield code="a">Washington, D.C.</subfield>
			<subfield code="b">Football Club (National League)</subfield>
		</datafield>
		<datafield tag="410" ind1="2" ind2="0">
			<subfield code="a">Redskins (Football team)</subfield>
		</datafield>
		<datafield tag="670" ind1=" " ind2=" ">
			<subfield code="a">Griffith, C. My life with the Redskins, 1947.</subfield>
		</datafield>
		<datafield tag="670" ind1=" " ind2=" ">
			<subfield code="a">Washington Redskins, c1996:</subfield>
			<subfield code="b">CIP galley (began as the Boston Braves [no publs. in LC database] in 1932; following final game of 1932 season, name changed to Boston Redskins [no publs. in LC database]; in 1937 moved to Washington, becoming the Washington Redskins)</subfield>
		</datafield>
	</record>