
	<record>
		<leader>00402cz   2200133n  4500</leader>
		<controlfield tag="001">n  79115550 </controlfield>
		<controlfield tag="003">DLC</controlfield>
		<controlfield tag="005">20010721074959.0</controlfield>
		<controlfield tag="008">791001n| acannaabn          |n ana      </controlfield>
		<datafield tag="010" ind1=" " ind2=" ">
			<subfield code="a">n  79115550 </subfield>
		</datafield>
		<datafield tag="035" ind1=" " ind2=" ">
			<subfield code="a">(OCoLC)oca00347285</subfield>
		</datafield>
		<datafield tag="040" ind1=" " ind2=" ">
			<subfield code="a">DLC</subfield>
			<subfield code="b">eng</subfield>
			<subfield code="c">DLC</subfield>
			<subfield code="d">OCoLC</subfield>
		</datafield>
		<datafield tag="110" ind1="2" ind2=" ">
			<subfield code="a">Japy-Hermes (Sailboat)</subfield>
		</datafield>
		<datafield tag="670" ind1=" " ind2=" ">
			<subfield code="a">Bernard, H. Des fous de mer, c1979 (subj.)</subfield>
			<subfield code="b">p. 14, 24, etc. (Japy-Hermes, sailboat, ocean racer)</subfield>
		</datafield>
	</record>