
	<record>
		<leader>00766nz   2200217n  4500</leader>
		<controlfield tag="001">n  79117036 </controlfield>
		<controlfield tag="003">DLC</controlfield>
		<controlfield tag="005">19840322000000.0</controlfield>
		<controlfield tag="008">791029n| acannaab|          |a ana |||  </controlfield>
		<datafield tag="010" ind1=" " ind2=" ">
			<subfield code="a">n  79117036 </subfield>
		</datafield>
		<datafield tag="040" ind1=" " ind2=" ">
			<subfield code="a">DLC</subfield>
			<subfield code="c">DLC</subfield>
		</datafield>
		<datafield tag="110" ind1="2" ind2="0">
			<subfield code="a">Boston Public Library.</subfield>
		</datafield>
		<datafield tag="410" ind1="1" ind2="0">
			<subfield code="a">Boston (Mass.).</subfield>
			<subfield code="b">Public Library</subfield>
		</datafield>
		<datafield tag="410" ind1="2" ind2="0">
			<subfield code="a">Public Library of the City of Boston</subfield>
		</datafield>
		<datafield tag="410" ind1="1" ind2="0">
			<subfield code="a">Boston (Mass.).</subfield>
			<subfield code="b">Boston Public Library</subfield>
		</datafield>
		<datafield tag="410" ind1="1" ind2="0">
			<subfield code="w">nnaa</subfield>
			<subfield code="a">Boston.</subfield>
			<subfield code="b">Public Library.</subfield>
		</datafield>
		<datafield tag="510" ind1="2" ind2="0">
			<subfield code="a">Mercantile Library Association (Boston, Mass.)</subfield>
		</datafield>
		<datafield tag="667" ind1=" " ind2=" ">
			<subfield code="a">AACR 1 form: Boston Public Library</subfield>
		</datafield>
		<datafield tag="670" ind1=" " ind2=" ">
			<subfield code="a">Its Monthly bulletin, 1896-</subfield>
		</datafield>
		<datafield tag="670" ind1=" " ind2=" ">
			<subfield code="a">Lectures for inventors, 1983:</subfield>
			<subfield code="b">CIP t.p. (Boston Public Library; Public Library of the City of Boston</subfield>
		</datafield>
		<datafield tag="678" ind1=" " ind2=" ">
			<subfield code="a">Opened to the public in 1854.</subfield>
		</datafield>
	</record>