
	<record>
		<leader>00455cz   2200145n  4500</leader>
		<controlfield tag="001">n  79129542 </controlfield>
		<controlfield tag="003">DLC</controlfield>
		<controlfield tag="005">19920521115826.1</controlfield>
		<controlfield tag="008">800624n| acannaab|          |a ana |||  </controlfield>
		<datafield tag="010" ind1=" " ind2=" ">
			<subfield code="a">n  79129542 </subfield>
		</datafield>
		<datafield tag="040" ind1=" " ind2=" ">
			<subfield code="a">DLC</subfield>
			<subfield code="c">DLC</subfield>
			<subfield code="d">DLC</subfield>
		</datafield>
		<datafield tag="110" ind1="2" ind2="0">
			<subfield code="a">Apollo 11 (Spacecraft)</subfield>
		</datafield>
		<datafield tag="410" ind1="2" ind2="0">
			<subfield code="a">Apollo XI (Spacecraft)</subfield>
		</datafield>
		<datafield tag="670" ind1=" " ind2=" ">
			<subfield code="a">Its 70-mm photographic catalog, 1970.</subfield>
		</datafield>
		<datafield tag="670" ind1=" " ind2=" ">
			<subfield code="a">NUCMC data from Va. Poly. Inst. and St. Univ. Libr. for Collins, M. Papers, 1955-1989</subfield>
			<subfield code="b">(Apollo XI)</subfield>
		</datafield>
	</record>