
	<record>
		<leader>00741cz   2200265n  4500</leader>
		<controlfield tag="001">n  79139459 </controlfield>
		<controlfield tag="003">DLC</controlfield>
		<controlfield tag="005">19890316114203.2</controlfield>
		<controlfield tag="008">800320n| acannaab|          |a aaa |||  </controlfield>
		<datafield tag="010" ind1=" " ind2=" ">
			<subfield code="a">n  79139459 </subfield>
			<subfield code="z">n  79046206 </subfield>
		</datafield>
		<datafield tag="040" ind1=" " ind2=" ">
			<subfield code="a">DLC</subfield>
			<subfield code="c">DLC</subfield>
			<subfield code="d">DLC</subfield>
		</datafield>
		<datafield tag="100" ind1="0" ind2="0">
			<subfield code="a">Plato.</subfield>
		</datafield>
		<datafield tag="400" ind1="0" ind2="0">
			<subfield code="a">Aplaton</subfield>
		</datafield>
		<datafield tag="400" ind1="0" ind2="0">
			<subfield code="a">Platon</subfield>
		</datafield>
		<datafield tag="400" ind1="0" ind2="0">
			<subfield code="a">Aflāṭūn</subfield>
		</datafield>
		<datafield tag="400" ind1="0" ind2="0">
			<subfield code="a">Po-la-tʿu</subfield>
		</datafield>
		<datafield tag="400" ind1="0" ind2="0">
			<subfield code="a">Pʿuratʿon</subfield>
		</datafield>
		<datafield tag="400" ind1="0" ind2="0">
			<subfield code="a">Platone</subfield>
		</datafield>
		<datafield tag="400" ind1="0" ind2="0">
			<subfield code="a">Platonas</subfield>
		</datafield>
		<datafield tag="400" ind1="0" ind2="0">
			<subfield code="a">Pʿŭllatʿo</subfield>
		</datafield>
		<datafield tag="400" ind1="0" ind2="0">
			<subfield code="a">Pʿŭllatʿon</subfield>
		</datafield>
		<datafield tag="670" ind1=" " ind2=" ">
			<subfield code="a">Cresson, A. Platon ... 1941.</subfield>
		</datafield>
		<datafield tag="670" ind1=" " ind2=" ">
			<subfield code="a">Yi, C.H. Pʿŭllatʿo chʿŏrhak yŏnʾgu, 1981:</subfield>
			<subfield code="b">t.p. (Pʿŭllatʿo)</subfield>
		</datafield>
		<datafield tag="670" ind1=" " ind2=" ">
			<subfield code="a">Glucker, J. Pirḳe mavo le-Aplaṭon, 1985:</subfield>
			<subfield code="b">t.p. (Aplaṭon)</subfield>
		</datafield>
		<datafield tag="670" ind1=" " ind2=" ">
			<subfield code="a">Pak, C.H. Pʿŭllatʿon, 1987:</subfield>
			<subfield code="b">t.p. (Pʿŭllatʿon)</subfield>
		</datafield>
	</record>