
	<record>
		<leader>01651cz   2200265n  4500</leader>
		<controlfield tag="001">n  79139599 </controlfield>
		<controlfield tag="003">DLC</controlfield>
		<controlfield tag="005">19920130055637.6</controlfield>
		<controlfield tag="008">800307n| acannaab|          |a aaa      </controlfield>
		<datafield tag="010" ind1=" " ind2=" ">
			<subfield code="a">n  79139599 </subfield>
		</datafield>
		<datafield tag="040" ind1=" " ind2=" ">
			<subfield code="a">DLC</subfield>
			<subfield code="c">DLC</subfield>
			<subfield code="d">DLC</subfield>
			<subfield code="d">DLC-R</subfield>
		</datafield>
		<datafield tag="053" ind1=" " ind2=" ">
			<subfield code="a">PS3533.U4</subfield>
		</datafield>
		<datafield tag="100" ind1="1" ind2="0">
			<subfield code="a">Queen, Ellery</subfield>
		</datafield>
		<datafield tag="400" ind1="1" ind2="0">
			<subfield code="w">nnaa</subfield>
			<subfield code="a">Queen, Ellery,</subfield>
			<subfield code="c">pseud.</subfield>
		</datafield>
		<datafield tag="400" ind1="0" ind2="0">
			<subfield code="a">Kʿuin</subfield>
		</datafield>
		<datafield tag="500" ind1="1" ind2="0">
			<subfield code="w">nnnc</subfield>
			<subfield code="a">Dannay, Frederic,</subfield>
			<subfield code="d">1905-1982</subfield>
		</datafield>
		<datafield tag="500" ind1="1" ind2="0">
			<subfield code="w">nnnc</subfield>
			<subfield code="a">Lee, Manfred B.</subfield>
			<subfield code="q">(Manfred Bennington),</subfield>
			<subfield code="d">1905-1971</subfield>
		</datafield>
		<datafield tag="500" ind1="1" ind2="0">
			<subfield code="w">nnnc</subfield>
			<subfield code="a">Ross, Barnaby</subfield>
		</datafield>
		<datafield tag="500" ind1="1" ind2="0">
			<subfield code="w">nnnc</subfield>
			<subfield code="a">Queen, Ellery,</subfield>
			<subfield code="c">Jr.</subfield>
		</datafield>
		<datafield tag="663" ind1=" " ind2=" ">
			<subfield code="a">This name was used by Frederic Dannay and Manfred B. Lee writing together. Works by these authors are entered under the name used in the item. For a listing of other names used by these authors, search also under</subfield>
			<subfield code="b">Dannay, Frederic, 1905-1982</subfield>
			<subfield code="b">Lee, Manfred B. (Manfred Bennington), 1905-1971</subfield>
			<subfield code="b">Ross, Barnaby</subfield>
			<subfield code="b">Queen, Ellery, Jr.</subfield>
		</datafield>
		<datafield tag="670" ind1=" " ind2=" ">
			<subfield code="a">His The Roman hat mystery, 1929.</subfield>
		</datafield>
		<datafield tag="670" ind1=" " ind2=" ">
			<subfield code="a">Cont. authrs., NRS,</subfield>
			<subfield code="b">v. 1 (under Dannay, Frederic, 1905- ; b. Daniel Nathan under which name wrote autobiographical name; name legally changed to Frederic Dannay; with his cousin Manfred B. Lee wrote under joint pseudonym of Ellery Queen; the two also wrote under joint pseudonym of Barnaby Ross, but works under that name were subsequently reissued under name of Ellery Queen)</subfield>
		</datafield>
		<datafield tag="670" ind1=" " ind2=" ">
			<subfield code="a">Cont. authrs.,</subfield>
			<subfield code="b">v. 1-4 (under Dannay, Frederic; also wrote juvenile literature with Lee under joint pseudonym of Ellery Queen, Jr.)</subfield>
		</datafield>
		<datafield tag="670" ind1=" " ind2=" ">
			<subfield code="a">His Eksŭ ŭi pigŭk, 1987:</subfield>
			<subfield code="b">t.p. (Kʿuin)</subfield>
		</datafield>
		<datafield tag="675" ind1=" " ind2=" ">
			<subfield code="a">NUCMC data from Univ. of Virginia Lib. for White, W. Papers, 1910-1988 (name not given; Frederic Dannay)</subfield>
		</datafield>
	</record>