
	<record>
		<leader>00394cz   2200145n  4500</leader>
		<controlfield tag="001">n  79141063 </controlfield>
		<controlfield tag="003">DLC</controlfield>
		<controlfield tag="005">19890321125940.8</controlfield>
		<controlfield tag="008">800307n| acannaab|          |a aaa |||  </controlfield>
		<datafield tag="010" ind1=" " ind2=" ">
			<subfield code="a">n  79141063 </subfield>
		</datafield>
		<datafield tag="040" ind1=" " ind2=" ">
			<subfield code="a">DLC</subfield>
			<subfield code="c">DLC</subfield>
			<subfield code="d">DLC</subfield>
		</datafield>
		<datafield tag="100" ind1="0" ind2="0">
			<subfield code="a">Ólafur Halldórsson.</subfield>
		</datafield>
		<datafield tag="400" ind1="1" ind2="0">
			<subfield code="a">Halldórsson, Ólafur</subfield>
		</datafield>
		<datafield tag="670" ind1=" " ind2=" ">
			<subfield code="a">Óláfs saga Tryggvasonar. Óláfs saga Tryggvasonar en mesta, 1958-</subfield>
		</datafield>
		<datafield tag="678" ind1=" " ind2=" ">
			<subfield code="a">b. 1920.</subfield>
		</datafield>
	</record>