
	<record>
		<leader>01875cz   2200457n  4500</leader>
		<controlfield tag="001">n  80002390 </controlfield>
		<controlfield tag="003">DLC</controlfield>
		<controlfield tag="005">20000415151206.0</controlfield>
		<controlfield tag="008">800128i| acannaabn          |a ana      </controlfield>
		<datafield tag="010" ind1=" " ind2=" ">
			<subfield code="a">n  80002390 </subfield>
		</datafield>
		<datafield tag="035" ind1=" " ind2=" ">
			<subfield code="a">(OCoLC)oca00385085</subfield>
		</datafield>
		<datafield tag="040" ind1=" " ind2=" ">
			<subfield code="a">DLC</subfield>
			<subfield code="b">eng</subfield>
			<subfield code="c">DLC</subfield>
			<subfield code="d">DLC</subfield>
			<subfield code="d">ICRL</subfield>
			<subfield code="d">NjP</subfield>
			<subfield code="d">OCoLC</subfield>
		</datafield>
		<datafield tag="110" ind1="2" ind2=" ">
			<subfield code="a">League of Arab States</subfield>
		</datafield>
		<datafield tag="410" ind1="2" ind2=" ">
			<subfield code="a">Union des états arabes</subfield>
		</datafield>
		<datafield tag="410" ind1="2" ind2=" ">
			<subfield code="a">Pan-Arab league</subfield>
		</datafield>
		<datafield tag="410" ind1="2" ind2=" ">
			<subfield code="a">Ligue arabe</subfield>
		</datafield>
		<datafield tag="410" ind1="2" ind2=" ">
			<subfield code="a">Jāmiʿat al-Duwal al-ʿArabīyah</subfield>
		</datafield>
		<datafield tag="410" ind1="2" ind2=" ">
			<subfield code="a">Arabische Liga</subfield>
		</datafield>
		<datafield tag="410" ind1="2" ind2=" ">
			<subfield code="a">Liga der Arabischen Staaten</subfield>
		</datafield>
		<datafield tag="410" ind1="2" ind2=" ">
			<subfield code="a">Liga de los Estados Arabes</subfield>
		</datafield>
		<datafield tag="410" ind1="2" ind2=" ">
			<subfield code="a">Jāmiʿah al-ʿArabīyah</subfield>
		</datafield>
		<datafield tag="410" ind1="2" ind2=" ">
			<subfield code="a">Arapska liga</subfield>
		</datafield>
		<datafield tag="410" ind1="2" ind2=" ">
			<subfield code="a">Liga Statelor Arabe</subfield>
		</datafield>
		<datafield tag="410" ind1="2" ind2=" ">
			<subfield code="a">Liga Arabă</subfield>
		</datafield>
		<datafield tag="410" ind1="2" ind2=" ">
			<subfield code="a">Ligue des états arabes</subfield>
		</datafield>
		<datafield tag="410" ind1="2" ind2=" ">
			<subfield code="a">L.E.A.</subfield>
		</datafield>
		<datafield tag="410" ind1="2" ind2=" ">
			<subfield code="a">LEA</subfield>
		</datafield>
		<datafield tag="410" ind1="2" ind2=" ">
			<subfield code="a">Liga dos Estados Arabes</subfield>
		</datafield>
		<datafield tag="410" ind1="2" ind2=" ">
			<subfield code="a">Arab League</subfield>
		</datafield>
		<datafield tag="410" ind1="2" ind2=" ">
			<subfield code="a">Lega degli stati arabi</subfield>
		</datafield>
		<datafield tag="410" ind1="2" ind2=" ">
			<subfield code="a">Arabakan Petutʿyunneri Liga</subfield>
		</datafield>
		<datafield tag="410" ind1="2" ind2=" ">
			<subfield code="a">Liga arabskikh gosudarstv</subfield>
		</datafield>
		<datafield tag="410" ind1="2" ind2=" ">
			<subfield code="a">League of the Arab States</subfield>
		</datafield>
		<datafield tag="400" ind1="1" ind2=" ">
			<subfield code="a">Arap Birliġi Teşkilâtı</subfield>
		</datafield>
		<datafield tag="667" ind1=" " ind2=" ">
			<subfield code="a">AACR 1 form: League of Arab States.</subfield>
		</datafield>
		<datafield tag="670" ind1=" " ind2=" ">
			<subfield code="a">Ireland, P. W. The pact of the League of Arab states, 1945.</subfield>
		</datafield>
		<datafield tag="670" ind1=" " ind2=" ">
			<subfield code="a">Rassegna del mondo arabo, genn.-mar. 1983:</subfield>
			<subfield code="b">t.p. (Jāmiʿat al-Duwal al-ʿArabīyah) verso t.p. (Ufficio della Lega degli stati arabi a Roma)</subfield>
		</datafield>
		<datafield tag="670" ind1=" " ind2=" ">
			<subfield code="a">Karamanukyan, Sh.L. Arabakan Petutʿyunneri Ligayi derě ... 1988:</subfield>
			<subfield code="b">t.p. (Arabakan Petutʿyunneri Ligayi) added t.p. (Ligi arabskikh gosudarstv)</subfield>
		</datafield>
		<datafield tag="670" ind1=" " ind2=" ">
			<subfield code="a">35th anniversary of the League of the Arab States, 1980:</subfield>
			<subfield code="b">cover (League of the Arab States)</subfield>
		</datafield>
		<datafield tag="670" ind1=" " ind2=" ">
			<subfield code="a">Arap Birliġi Teşkilâtı, 1994.</subfield>
		</datafield>
		<datafield tag="678" ind1=" " ind2=" ">
			<subfield code="a">L'Union des états arabes se compose des états arabes indépendants qui ont signé le présent pacte;</subfield>
			<subfield code="a">the instrument establishing the League of Arab states was signed in Cairo, on March 22, 1945</subfield>
		</datafield>
	</record>