
	<record>
		<leader>02660cz   2200325n  4500</leader>
		<controlfield tag="001">n  80002925 </controlfield>
		<controlfield tag="003">DLC</controlfield>
		<controlfield tag="005">19940711104145.7</controlfield>
		<controlfield tag="008">800220n| acannaab|          |a ana |||  </controlfield>
		<datafield tag="010" ind1=" " ind2=" ">
			<subfield code="a">n  80002925 </subfield>
		</datafield>
		<datafield tag="040" ind1=" " ind2=" ">
			<subfield code="a">DLC</subfield>
			<subfield code="c">DLC</subfield>
			<subfield code="d">DLC</subfield>
			<subfield code="d">DGPO</subfield>
			<subfield code="d">DNAL</subfield>
		</datafield>
		<datafield tag="110" ind1="2" ind2="0">
			<subfield code="a">Argonne National Laboratory</subfield>
		</datafield>
		<datafield tag="410" ind1="1" ind2="0">
			<subfield code="a">United States.</subfield>
			<subfield code="b">Argonne National Laboratory</subfield>
		</datafield>
		<datafield tag="410" ind1="2" ind2="0">
			<subfield code="a">Argonnskai︠a︡ nat︠s︡ionalʹnai︠a︡ laboratorii︠a︡</subfield>
		</datafield>
		<datafield tag="410" ind1="2" ind2="0">
			<subfield code="a">U.S. Atomic Energy Commission.</subfield>
			<subfield code="b">Argonne National Laboratory</subfield>
		</datafield>
		<datafield tag="410" ind1="1" ind2="0">
			<subfield code="a">United States.</subfield>
			<subfield code="b">Energy Research and Development Administration.</subfield>
			<subfield code="b">Argonne National Laboratory</subfield>
		</datafield>
		<datafield tag="410" ind1="2" ind2="0">
			<subfield code="a">University of Chicago.</subfield>
			<subfield code="b">Argonne National Laboratory</subfield>
		</datafield>
		<datafield tag="410" ind1="1" ind2="0">
			<subfield code="a">United States.</subfield>
			<subfield code="b">Dept. of Energy.</subfield>
			<subfield code="b">Argonne National Laboratory</subfield>
		</datafield>
		<datafield tag="410" ind1="1" ind2="0">
			<subfield code="w">nnaa</subfield>
			<subfield code="a">United States.</subfield>
			<subfield code="b">Argonne National Laboratory, Lemont, Ill.</subfield>
		</datafield>
		<datafield tag="410" ind1="2" ind2="0">
			<subfield code="a">Argonne National Laboratory-East</subfield>
		</datafield>
		<datafield tag="510" ind1="1" ind2="0">
			<subfield code="a">United States.</subfield>
			<subfield code="b">Army.</subfield>
			<subfield code="b">Corps of Engineers.</subfield>
			<subfield code="b">Manhattan District</subfield>
		</datafield>
		<datafield tag="510" ind1="1" ind2="0">
			<subfield code="a">United States.</subfield>
			<subfield code="b">Office of Scientific Research and Development.</subfield>
			<subfield code="b">Metallurgical Laboratory</subfield>
		</datafield>
		<datafield tag="667" ind1=" " ind2=" ">
			<subfield code="a">Unused subdivisions: Technical Information Division; Optics Section; Information Division. AACR 1 form: Argonne National Laboratory.</subfield>
		</datafield>
		<datafield tag="670" ind1=" " ind2=" ">
			<subfield code="a">Its Biological and Medical Divisions. Report.</subfield>
		</datafield>
		<datafield tag="670" ind1=" " ind2=" ">
			<subfield code="a">NUCMC data from Univ. of Ill. at Urbana-Champaign Archives for Wattenberg, A. Papers, 1964-1965</subfield>
			<subfield code="b">(name not given)</subfield>
		</datafield>
		<datafield tag="670" ind1=" " ind2=" ">
			<subfield code="a">LC manual cat.</subfield>
			<subfield code="b">(under heading United States. Argonne National Laboratory, Lemont, Ill.: Metallurgical Laboratory est. by Office of Scientific Research and Development at University of Chicago; later affiliated with newly est. Manhattan District. Transferred to Atomic Energy Commission after Dec. 31, 1946, and became Argonne National Laboratory when national laboratories were set up on a regional basis)</subfield>
		</datafield>
		<datafield tag="670" ind1=" " ind2=" ">
			<subfield code="a">Computational science and engineering at Argonne ... 1991:</subfield>
			<subfield code="b">p. 2 of cover (Argonne National Laboratory ... is owned by the United States government and operated by the University of Chicago under ... contract ... with the United States Department of Energy) p. 4 of cover (Argonne National Laboratory, University of Chicago)</subfield>
		</datafield>
		<datafield tag="670" ind1=" " ind2=" ">
			<subfield code="a">Argonne National Laboratory-East site environmental report for calendar year ... 1992:</subfield>
			<subfield code="b">t.p. (Argonne National Laboratory-East)</subfield>
		</datafield>
		<datafield tag="670" ind1=" " ind2=" ">
			<subfield code="a">Phone call to N.W. Golchert, 5/11/94</subfield>
			<subfield code="b">(Argonne National Laboratory-East is used to distinguish from Argonne National Laboratory-West in Idaho which is a different laboratory)</subfield>
		</datafield>
		<datafield tag="675" ind1=" " ind2=" ">
			<subfield code="a">NUCMC data from Univ. of Ill. at Urbana-Champaign Archives for Wattenberg, A. Papers, 1964-1965 (Metallurgical Laboratory at the University of Chicago (Manhattan Project))</subfield>
		</datafield>
	</record>