
	<record>
		<leader>02519nz   2200241n  4500</leader>
		<controlfield tag="001">n  80003971 </controlfield>
		<controlfield tag="003">DLC</controlfield>
		<controlfield tag="005">19840322000000.0</controlfield>
		<controlfield tag="008">800112n| acannaab|          |b ana |||  </controlfield>
		<datafield tag="010" ind1=" " ind2=" ">
			<subfield code="a">n  80003971 </subfield>
		</datafield>
		<datafield tag="040" ind1=" " ind2=" ">
			<subfield code="a">DLC</subfield>
			<subfield code="c">DLC</subfield>
		</datafield>
		<datafield tag="110" ind1="2" ind2="0">
			<subfield code="a">IEEE Magnetics Society.</subfield>
		</datafield>
		<datafield tag="410" ind1="2" ind2="0">
			<subfield code="a">Institute of Electrical and Electronics Engineers.</subfield>
			<subfield code="b">Magnetics Society</subfield>
		</datafield>
		<datafield tag="510" ind1="2" ind2="0">
			<subfield code="w">nnnd</subfield>
			<subfield code="a">American Institute of Electrical Engineers.</subfield>
			<subfield code="b">Magnetic Amplifiers Subcommittee</subfield>
		</datafield>
		<datafield tag="510" ind1="2" ind2="0">
			<subfield code="w">nnnd</subfield>
			<subfield code="a">American Institute of Electrical Engineers.</subfield>
			<subfield code="b">Committee on Magnetic Amplifiers</subfield>
		</datafield>
		<datafield tag="510" ind1="2" ind2="0">
			<subfield code="w">nnnd</subfield>
			<subfield code="a">American Institute of Electrical Engineers.</subfield>
			<subfield code="b">Nonlinear Magnetics Committee</subfield>
		</datafield>
		<datafield tag="510" ind1="2" ind2="0">
			<subfield code="w">nnnd</subfield>
			<subfield code="a">Institute of Electrical and Electronics Engineers.</subfield>
			<subfield code="b">Nonlinear Magnetics Committee</subfield>
		</datafield>
		<datafield tag="510" ind1="2" ind2="0">
			<subfield code="w">nnnd</subfield>
			<subfield code="a">Institute of Electrical and Electronics Engineers.</subfield>
			<subfield code="b">Magnetics Group</subfield>
		</datafield>
		<datafield tag="665" ind1=" " ind2=" ">
			<subfield code="a">In 1948 the Magnetic Amplifiers Subcommittee of the American Institute of Electrical Engineers was formed. In 1951 it became the Committee on Magnetic Amplifiers, and in 1961 this name was changed to Nonlinear Magnetics Committee. When the American Institute of Electrical Engineers merged with the Institute of Radio Engineers in Jan. 1963 to form the Institute of Electrical and Electronics Engineers, the Nonlinear Magnetics Committee continued as a subdivision of the new body. On Jan. 1, 1965, the Nonlinear Magnetics Committee was reorganized to form the Magnetics Group, which in 1971 became the IEEE Magnetics Society.</subfield>
			<subfield code="a">Works by these bodies are found under the following headings according to the name used at the time of publication:</subfield>
			<subfield code="a">American Institute of Electrical Engineers. Magnetic Amplifiers Subcommittee.</subfield>
			<subfield code="a">American Institute of Electrical Engineers. Committee on Magnetic Amplifiers.</subfield>
			<subfield code="a">American Institute of Electrical Engineers. Nonlinear Magnetics Committee.</subfield>
			<subfield code="a">Institute of Electrical and Electronics Engineers. Nonlinear Magnetics Committee.</subfield>
			<subfield code="a">Institute of Electrical and Electronics Engineers. Magnetics Group.</subfield>
			<subfield code="a">IEEE Magnetics Society.</subfield>
			<subfield code="a">SUBJECT ENTRY: Works about this body are entered under the name used during the latest period covered.</subfield>
		</datafield>
		<datafield tag="667" ind1=" " ind2=" ">
			<subfield code="a">AACR 1 form: IEEE Magnetics Society</subfield>
		</datafield>
		<datafield tag="670" ind1=" " ind2=" ">
			<subfield code="a">Its Workshop on Applied Magnetics, Washington, D.C., 1972. Proceedings, 1972.</subfield>
		</datafield>
		<datafield tag="670" ind1=" " ind2=" ">
			<subfield code="a">Its IEEE transactions on magnetics, Mar. 1972:</subfield>
			<subfield code="b">verso of t.p. (IEEE Magnetics Society)</subfield>
		</datafield>
		<datafield tag="670" ind1=" " ind2=" ">
			<subfield code="a">Phone call to IEEE, 9/14/72</subfield>
			<subfield code="b">(Change from Group to Society signifies a change in organizational status, approved by IEEE Board of Directors meeting Nov. 1971)</subfield>
		</datafield>
	</record>