
	<record>
		<leader>01473cz   2200301n  4500</leader>
		<controlfield tag="001">n  80014461 </controlfield>
		<controlfield tag="003">DLC</controlfield>
		<controlfield tag="005">19971021052655.1</controlfield>
		<controlfield tag="008">800201n| acannaab|          |a ana |||  </controlfield>
		<datafield tag="010" ind1=" " ind2=" ">
			<subfield code="a">n  80014461 </subfield>
		</datafield>
		<datafield tag="035" ind1=" " ind2=" ">
			<subfield code="a">(OCoLC)oca00396925 </subfield>
		</datafield>
		<datafield tag="040" ind1=" " ind2=" ">
			<subfield code="a">DLC</subfield>
			<subfield code="c">DLC</subfield>
			<subfield code="d">DLC</subfield>
			<subfield code="d">PPiU</subfield>
			<subfield code="d">WaU</subfield>
		</datafield>
		<datafield tag="110" ind1="2" ind2="0">
			<subfield code="a">American Telephone and Telegraph Company</subfield>
		</datafield>
		<datafield tag="410" ind1="2" ind2="0">
			<subfield code="a">AT&amp;T (1885-1981)</subfield>
		</datafield>
		<datafield tag="410" ind1="2" ind2="0">
			<subfield code="a">AT &amp; T (1885-1981)</subfield>
		</datafield>
		<datafield tag="410" ind1="2" ind2="0">
			<subfield code="a">AT and T (1885-1981)</subfield>
		</datafield>
		<datafield tag="410" ind1="2" ind2="0">
			<subfield code="a">A.T. &amp; T. (1885-1981)</subfield>
		</datafield>
		<datafield tag="410" ind1="2" ind2="0">
			<subfield code="a">A.T. and T. (1885-1981)</subfield>
		</datafield>
		<datafield tag="410" ind1="2" ind2="0">
			<subfield code="a">American Telephone &amp; Telegraph Co.</subfield>
		</datafield>
		<datafield tag="410" ind1="2" ind2="0">
			<subfield code="a">American Telephone &amp; Telegraph Company</subfield>
		</datafield>
		<datafield tag="510" ind1="2" ind2="0">
			<subfield code="w">a</subfield>
			<subfield code="a">American Bell Telephone Company</subfield>
		</datafield>
		<datafield tag="510" ind1="2" ind2="0">
			<subfield code="w">b</subfield>
			<subfield code="a">AT &amp; T</subfield>
		</datafield>
		<datafield tag="670" ind1=" " ind2=" ">
			<subfield code="a">Its Annual report, 1900.</subfield>
		</datafield>
		<datafield tag="670" ind1=" " ind2=" ">
			<subfield code="a">Telephone directory, Bloomington, Ind. ... Feb. 1929:</subfield>
			<subfield code="b">t.p. (Seal: American Telephone &amp; Telegraph Co.)</subfield>
		</datafield>
		<datafield tag="670" ind1=" " ind2=" ">
			<subfield code="a">Alfred B. Patton Inc. Union Co., c1981 (subdiv.)</subfield>
			<subfield code="b">map recto (American Telephone &amp; Telegraph Company; AT&amp;T)</subfield>
		</datafield>
		<datafield tag="670" ind1=" " ind2=" ">
			<subfield code="a">LC manual auth. cd.</subfield>
			<subfield code="b">(hdg.: American Bell Telephone Company; organized 1880; merged 1900 in the American Telephone and Telegraph Company which had originally been formed, 1885, by the American Bell Telephone Company to build and operate its long distance system)</subfield>
		</datafield>
		<datafield tag="670" ind1=" " ind2=" ">
			<subfield code="a">Its Annual report of the American Telephone and Telegraph Company for ..., 1981:</subfield>
			<subfield code="b">p. 2 of cover (AT&amp;T)</subfield>
		</datafield>
		<datafield tag="675" ind1=" " ind2=" ">
			<subfield code="a">AT &amp; T. Annual report, 1982: t.p. (AT&amp;T) p. 2 of cover (American Telephone and Telegraph Company)</subfield>
		</datafield>
	</record>