
	<record>
		<leader>00482cz   2200157n  4500</leader>
		<controlfield tag="001">n  80020602 </controlfield>
		<controlfield tag="003">DLC</controlfield>
		<controlfield tag="005">20010727092008.0</controlfield>
		<controlfield tag="008">800221n| acannaab           |a ana      </controlfield>
		<datafield tag="010" ind1=" " ind2=" ">
			<subfield code="a">n  80020602 </subfield>
		</datafield>
		<datafield tag="040" ind1=" " ind2=" ">
			<subfield code="a">DLC</subfield>
			<subfield code="c">DLC</subfield>
			<subfield code="d">DLC</subfield>
		</datafield>
		<datafield tag="110" ind1="2" ind2="0">
			<subfield code="a">Pepsi-Cola Company</subfield>
		</datafield>
		<datafield tag="510" ind1="2" ind2="0">
			<subfield code="w">a</subfield>
			<subfield code="a">Loft, inc.</subfield>
		</datafield>
		<datafield tag="510" ind1="2" ind2="0">
			<subfield code="w">b</subfield>
			<subfield code="a">PepsiCo, inc.</subfield>
		</datafield>
		<datafield tag="667" ind1=" " ind2=" ">
			<subfield code="a">Loft, inc., was incorporated in 1919. The name was changed in 1941 to Pepsi-Cola Company; and in 1965 to PepsiCo, inc.</subfield>
		</datafield>
		<datafield tag="670" ind1=" " ind2=" ">
			<subfield code="a">Its Annual report, 1943-</subfield>
		</datafield>
	</record>