
	<record>
		<leader>02647cz   2200433n  4500</leader>
		<controlfield tag="001">n  80022788 </controlfield>
		<controlfield tag="003">DLC</controlfield>
		<controlfield tag="008">800325n| acannaabn          |a aaa      </controlfield>
		<controlfield tag="005">19990904071930.0</controlfield>
		<datafield tag="010" ind1=" " ind2=" ">
			<subfield code="a">n  80022788 </subfield>
			<subfield code="z">n  79100870 </subfield>
		</datafield>
		<datafield tag="035" ind1=" " ind2=" ">
			<subfield code="a">(OCoLC)oca00405116</subfield>
		</datafield>
		<datafield tag="040" ind1=" " ind2=" ">
			<subfield code="a">DLC</subfield>
			<subfield code="b">eng</subfield>
			<subfield code="c">DLC</subfield>
			<subfield code="d">DLC</subfield>
			<subfield code="d">PPi-MA</subfield>
		</datafield>
		<datafield tag="100" ind1="1" ind2=" ">
			<subfield code="a">Mozart, Wolfgang Amadeus,</subfield>
			<subfield code="d">1756-1791</subfield>
		</datafield>
		<datafield tag="400" ind1="1" ind2=" ">
			<subfield code="a">Mot︠s︡art, Volʹfgang Amadeĭ,</subfield>
			<subfield code="d">1756-1791</subfield>
		</datafield>
		<datafield tag="400" ind1="1" ind2=" ">
			<subfield code="a">Mōtsaruto,</subfield>
			<subfield code="d">1756-1791</subfield>
		</datafield>
		<datafield tag="400" ind1="1" ind2=" ">
			<subfield code="a">Mot︠s︡art, Iogann-Krizost Volʹfgang Gotlib,</subfield>
			<subfield code="d">1756-1791</subfield>
		</datafield>
		<datafield tag="400" ind1="1" ind2=" ">
			<subfield code="w">nna</subfield>
			<subfield code="a">Mozart, Johann Chrysostom Wolfgang Amadeus,</subfield>
			<subfield code="d">1756-1791</subfield>
		</datafield>
		<datafield tag="400" ind1="1" ind2=" ">
			<subfield code="a">Mozart, W. A.</subfield>
			<subfield code="q">(Wolfgang Amadeus),</subfield>
			<subfield code="d">1756-1791</subfield>
		</datafield>
		<datafield tag="400" ind1="1" ind2=" ">
			<subfield code="a">Mozart, Wolfgango Amadeo,</subfield>
			<subfield code="d">1756-1791</subfield>
		</datafield>
		<datafield tag="400" ind1="1" ind2=" ">
			<subfield code="a">Mot︠s︡art, V. A.</subfield>
			<subfield code="q">(Volʹfgang Amadeĭ),</subfield>
			<subfield code="d">1756-1791</subfield>
		</datafield>
		<datafield tag="400" ind1="1" ind2=" ">
			<subfield code="a">Mocartas, V. A.,</subfield>
			<subfield code="d">1756-1791</subfield>
		</datafield>
		<datafield tag="400" ind1="1" ind2=" ">
			<subfield code="a">Motsart, Volphnkank Amedaios,</subfield>
			<subfield code="d">1756-1791</subfield>
		</datafield>
		<datafield tag="400" ind1="1" ind2=" ">
			<subfield code="a">Mot︠s︡art, Volfang Amadeus,</subfield>
			<subfield code="d">1756-1791</subfield>
		</datafield>
		<datafield tag="400" ind1="1" ind2=" ">
			<subfield code="a">Mozzart, Apollo,</subfield>
			<subfield code="d">1756-1791</subfield>
		</datafield>
		<datafield tag="400" ind1="1" ind2=" ">
			<subfield code="a">Mozart, Joannes Chrysostomus Wolfgangus Amadeus,</subfield>
			<subfield code="d">1756-1791</subfield>
		</datafield>
		<datafield tag="667" ind1=" " ind2=" ">
			<subfield code="a">Thematic-index numbers are from Köchel, 6th ed. Use the numbers given in boldface when they are present, e.g. [Concertos, bassoon, orchestra, K. 191, B♭ major] (not K. 186e); [Divertimenti, K. Anh. 226, E♭ major] (not K. Anh. C17.01 or K. 196e). If boldface numbers are not present in appendix C, use the numbers given, if any, that are from the earliest ed. of Köchel (usually the 3rd), e.g. [Concertos, oboe, orchestra, K. Anh. 294b, E♭ major] (not K. Anh. C14.06)</subfield>
		</datafield>
		<datafield tag="670" ind1=" " ind2=" ">
			<subfield code="a">His Piano quartet in E-flat major, K. 493, p1980:</subfield>
			<subfield code="b">label (Wolfgang A. Mozart)</subfield>
		</datafield>
		<datafield tag="670" ind1=" " ind2=" ">
			<subfield code="a">Impulse, 1976?:</subfield>
			<subfield code="b">container (W.A. Mozart)</subfield>
		</datafield>
		<datafield tag="670" ind1=" " ind2=" ">
			<subfield code="a">His Fuga à due cembali, 1783 Dec. 29:</subfield>
			<subfield code="b">leaf 1 (Wolfgango Amadeo Mozart)</subfield>
		</datafield>
		<datafield tag="670" ind1=" " ind2=" ">
			<subfield code="a">Amadeus Mozart, 1982:</subfield>
			<subfield code="b">CIP t.p. (Amadeus Mozart)</subfield>
		</datafield>
		<datafield tag="670" ind1=" " ind2=" ">
			<subfield code="a">Muzyka dli︠a︡ fortepiano v chetyre ruki, 198-?:</subfield>
			<subfield code="b">label (V. Mot︠s︡art)</subfield>
		</datafield>
		<datafield tag="670" ind1=" " ind2=" ">
			<subfield code="a">Mozart, W.A. Divertimento for oboe, clarinet &amp; bassoon, K. 439b, c1983:</subfield>
			<subfield code="b">t.p. (Wolfgang Mozart)</subfield>
		</datafield>
		<datafield tag="670" ind1=" " ind2=" ">
			<subfield code="a">Mozart, W.A. Tri adazhio i fugi, KV 404a, 1984:</subfield>
			<subfield code="b">label (V.A. Mot︠s︡art)</subfield>
		</datafield>
		<datafield tag="670" ind1=" " ind2=" ">
			<subfield code="a">Bach, J.S. Sonata nr. 1 violončelei ir fortepijonui G-dur, BWV 1027, 1978?:</subfield>
			<subfield code="b">label (V.A. Mocarto)</subfield>
		</datafield>
		<datafield tag="670" ind1=" " ind2=" ">
			<subfield code="a">Motsart, 1982:</subfield>
			<subfield code="b">cover (Volphnkank Amedaios Motsart)</subfield>
		</datafield>
		<datafield tag="670" ind1=" " ind2=" ">
			<subfield code="a">Volfang Amadeus Mot︠s︡art, 1991.</subfield>
		</datafield>
		<datafield tag="670" ind1=" " ind2=" ">
			<subfield code="a">Die Zauberflöte, c1991:</subfield>
			<subfield code="b">t.p. (Apollo Mozzart)</subfield>
		</datafield>
		<datafield tag="670" ind1=" " ind2=" ">
			<subfield code="a">Young Mozart, 1997:</subfield>
			<subfield code="b">at end (Joannes Chrysostomus Wolfgangus Amadeus Mozart)</subfield>
		</datafield>
		<datafield tag="670" ind1=" " ind2=" ">
			<subfield code="a">New Grove</subfield>
			<subfield code="b">(under Mozart: (Johann Chrysostom) Wolfgang Amadeus Mozart; b. Jan. 27, 1756, Salzburg, d. Dec. 5, 1791, Vienna; Austrian composer)</subfield>
		</datafield>
	</record>