
	<record>
		<leader>00397cz   2200133n  4500</leader>
		<controlfield tag="001">n  80037807 </controlfield>
		<controlfield tag="003">DLC</controlfield>
		<controlfield tag="005">19860507154307.7</controlfield>
		<controlfield tag="008">800424n| acannaab|          |a ana |||  </controlfield>
		<datafield tag="010" ind1=" " ind2=" ">
			<subfield code="a">n  80037807 </subfield>
		</datafield>
		<datafield tag="040" ind1=" " ind2=" ">
			<subfield code="a">DLC</subfield>
			<subfield code="c">DLC</subfield>
			<subfield code="d">DLC</subfield>
		</datafield>
		<datafield tag="110" ind1="2" ind2="0">
			<subfield code="a">United States Capitol Historical Society.</subfield>
		</datafield>
		<datafield tag="410" ind1="2" ind2="0">
			<subfield code="w">nnaa</subfield>
			<subfield code="a">United States Capitol Historical Society, Washington, D.C.</subfield>
		</datafield>
		<datafield tag="670" ind1=" " ind2=" ">
			<subfield code="a">Aikman, L.</subfield>
			<subfield code="b">We, the people, 1963.</subfield>
		</datafield>
	</record>