
	<record>
		<leader>00340nz   2200121n  4500</leader>
		<controlfield tag="001">n  80046045 </controlfield>
		<controlfield tag="003">DLC</controlfield>
		<controlfield tag="005">19840322000000.0</controlfield>
		<controlfield tag="008">800730n| acannaab|          |n ana |||  </controlfield>
		<datafield tag="010" ind1=" " ind2=" ">
			<subfield code="a">n  80046045 </subfield>
		</datafield>
		<datafield tag="040" ind1=" " ind2=" ">
			<subfield code="a">DLC</subfield>
			<subfield code="c">DLC</subfield>
		</datafield>
		<datafield tag="110" ind1="2" ind2="0">
			<subfield code="a">British Museum.</subfield>
			<subfield code="b">Dept. of Coins and Medals.</subfield>
		</datafield>
		<datafield tag="670" ind1=" " ind2=" ">
			<subfield code="a">Dolley, M.</subfield>
			<subfield code="b">Viking coins of the Danelaw and of Dublin, 1965.</subfield>
		</datafield>
	</record>