
	<record>
		<leader>00584cz   2200157n  4500</leader>
		<controlfield tag="001">n  80051732 </controlfield>
		<controlfield tag="003">DLC</controlfield>
		<controlfield tag="005">19890410145606.0</controlfield>
		<controlfield tag="008">800507n| acannaab|          |a ana |||  </controlfield>
		<datafield tag="010" ind1=" " ind2=" ">
			<subfield code="a">n  80051732 </subfield>
		</datafield>
		<datafield tag="040" ind1=" " ind2=" ">
			<subfield code="a">DLC</subfield>
			<subfield code="c">DLC</subfield>
			<subfield code="d">DLC</subfield>
		</datafield>
		<datafield tag="111" ind1="2" ind2="0">
			<subfield code="a">Chimney Design Symposium and Exhibition</subfield>
			<subfield code="d">(1976 :</subfield>
			<subfield code="c">Edinburgh, Scotland)</subfield>
		</datafield>
		<datafield tag="411" ind1="2" ind2="0">
			<subfield code="w">nnaa</subfield>
			<subfield code="a">Chimney Design Symposium and Exhibition,</subfield>
			<subfield code="c">Edinburgh,</subfield>
			<subfield code="d">1976.</subfield>
		</datafield>
		<datafield tag="511" ind1="2" ind2="0">
			<subfield code="w">a</subfield>
			<subfield code="a">Symposium on Chimney Design</subfield>
			<subfield code="d">(1973 :</subfield>
			<subfield code="c">Edinburgh, Scotland)</subfield>
		</datafield>
		<datafield tag="511" ind1="2" ind2="0">
			<subfield code="w">b</subfield>
			<subfield code="a">International Chimney Design Symposium</subfield>
		</datafield>
		<datafield tag="670" ind1=" " ind2=" ">
			<subfield code="a">Its 2nd Chimney Design Symposium and Exhibition, 1976.</subfield>
		</datafield>
	</record>