
	<record>
		<leader>00768cz   2200193n  4500</leader>
		<controlfield tag="001">n  80051872 </controlfield>
		<controlfield tag="003">DLC</controlfield>
		<controlfield tag="005">19990813152852.0</controlfield>
		<controlfield tag="008">800507n| acannaabn          |a ana      </controlfield>
		<datafield tag="010" ind1=" " ind2=" ">
			<subfield code="a">n  80051872 </subfield>
		</datafield>
		<datafield tag="035" ind1=" " ind2=" ">
			<subfield code="a">(OCoLC)oca00433709 </subfield>
		</datafield>
		<datafield tag="040" ind1=" " ind2=" ">
			<subfield code="a">DLC</subfield>
			<subfield code="c">DLC</subfield>
			<subfield code="d">DNAL</subfield>
		</datafield>
		<datafield tag="110" ind1="2" ind2=" ">
			<subfield code="a">International Center for Arid and Semi-arid Land Studies</subfield>
		</datafield>
		<datafield tag="410" ind1="2" ind2=" ">
			<subfield code="a">Texas Technological College.</subfield>
			<subfield code="b">International Center for Arid and Semi-arid Land Studies</subfield>
		</datafield>
		<datafield tag="410" ind1="2" ind2=" ">
			<subfield code="a">ICASALS</subfield>
		</datafield>
		<datafield tag="410" ind1="2" ind2=" ">
			<subfield code="a">Texas Tech University.</subfield>
			<subfield code="b">International Center for Arid and Semi-arid Land Studies</subfield>
		</datafield>
		<datafield tag="410" ind1="2" ind2=" ">
			<subfield code="a">International Center for Arid and Semiarid Land Studies</subfield>
		</datafield>
		<datafield tag="670" ind1=" " ind2=" ">
			<subfield code="a">Its ICASALS publication, 1967-</subfield>
		</datafield>
		<datafield tag="670" ind1=" " ind2=" ">
			<subfield code="a">Desert development, c1999:</subfield>
			<subfield code="b">t.p. (International Center for Arid and Semiarid Land Studies)</subfield>
		</datafield>
	</record>