
	<record>
		<leader>00499cz   2200145n  4500</leader>
		<controlfield tag="001">n  80057205 </controlfield>
		<controlfield tag="003">DLC</controlfield>
		<controlfield tag="005">19870811153938.9</controlfield>
		<controlfield tag="008">800519n| adannaab|          |a aaa |||  </controlfield>
		<datafield tag="010" ind1=" " ind2=" ">
			<subfield code="a">n  80057205 </subfield>
		</datafield>
		<datafield tag="040" ind1=" " ind2=" ">
			<subfield code="a">DLC</subfield>
			<subfield code="c">DLC</subfield>
			<subfield code="d">DLC</subfield>
		</datafield>
		<datafield tag="100" ind1="1" ind2="0">
			<subfield code="a">Budge, E. A. Wallis</subfield>
			<subfield code="q">(Ernest Alfred Wallis),</subfield>
			<subfield code="c">Sir,</subfield>
			<subfield code="d">1857-1934.</subfield>
		</datafield>
		<datafield tag="400" ind1="1" ind2="0">
			<subfield code="w">nnaa</subfield>
			<subfield code="a">Budge, Ernest Alfred Thompson Wallis,</subfield>
			<subfield code="c">Sir,</subfield>
			<subfield code="d">1857-1934</subfield>
		</datafield>
		<datafield tag="400" ind1="1" ind2="0">
			<subfield code="a">Budge, Ernest Alfred Wallis,</subfield>
			<subfield code="c">Sir,</subfield>
			<subfield code="d">1857-1934</subfield>
		</datafield>
		<datafield tag="670" ind1=" " ind2=" ">
			<subfield code="a">His The martyrdom and miracles of Saint George ... 1888.</subfield>
		</datafield>
	</record>