
	<record>
		<leader>01058cz   2200229n  4500</leader>
		<controlfield tag="001">n  80060674 </controlfield>
		<controlfield tag="003">DLC</controlfield>
		<controlfield tag="005">19890421075218.4</controlfield>
		<controlfield tag="008">800825n| acannaab|          |a ana |||  </controlfield>
		<datafield tag="010" ind1=" " ind2=" ">
			<subfield code="a">n  80060674 </subfield>
		</datafield>
		<datafield tag="040" ind1=" " ind2=" ">
			<subfield code="a">DLC</subfield>
			<subfield code="c">DLC</subfield>
			<subfield code="d">DLC</subfield>
		</datafield>
		<datafield tag="110" ind1="2" ind2="0">
			<subfield code="a">University of Arizona.</subfield>
			<subfield code="b">Office of Arid Lands Studies</subfield>
		</datafield>
		<datafield tag="410" ind1="2" ind2="0">
			<subfield code="a">University of Arizona.</subfield>
			<subfield code="b">School of Earth Sciences.</subfield>
			<subfield code="b">Office of Arid Lands Studies</subfield>
		</datafield>
		<datafield tag="410" ind1="2" ind2="0">
			<subfield code="a">University of Arizona.</subfield>
			<subfield code="b">Office of Arid Lands Research</subfield>
		</datafield>
		<datafield tag="410" ind1="2" ind2="0">
			<subfield code="a">University of Arizona.</subfield>
			<subfield code="b">Institute of Arid Lands Research</subfield>
		</datafield>
		<datafield tag="410" ind1="1" ind2="0">
			<subfield code="w">nnaa</subfield>
			<subfield code="a">Arizona.</subfield>
			<subfield code="b">University.</subfield>
			<subfield code="b">Office of Arid Lands Studies</subfield>
		</datafield>
		<datafield tag="410" ind1="2" ind2="0">
			<subfield code="a">O.A.L.S.</subfield>
		</datafield>
		<datafield tag="410" ind1="2" ind2="0">
			<subfield code="a">OALS</subfield>
		</datafield>
		<datafield tag="667" ind1=" " ind2=" ">
			<subfield code="a">The following headings for earlier names are valid AACR2 headings: University of Arizona. Office of Arid Lands Research; University of Arizona. Institute of Arid Lands Research</subfield>
		</datafield>
		<datafield tag="670" ind1=" " ind2=" ">
			<subfield code="a">Deserts of the world, c1968.</subfield>
		</datafield>
		<datafield tag="670" ind1=" " ind2=" ">
			<subfield code="a">Foster, K. The use of high altitude remote sensing ... 1972:</subfield>
			<subfield code="b">t.p. (O A L S bulletin, Office of Arid Lands Studies, University of Arizona)</subfield>
		</datafield>
		<datafield tag="678" ind1=" " ind2=" ">
			<subfield code="a">Founded 1964</subfield>
		</datafield>
	</record>