
	<record>
		<leader>00711nz   2200133n  4500</leader>
		<controlfield tag="001">n  80064731 </controlfield>
		<controlfield tag="003">DLC</controlfield>
		<controlfield tag="005">19840322000000.0</controlfield>
		<controlfield tag="008">800708n| acannaab|          |b ana |||  </controlfield>
		<datafield tag="010" ind1=" " ind2=" ">
			<subfield code="a">n  80064731 </subfield>
		</datafield>
		<datafield tag="040" ind1=" " ind2=" ">
			<subfield code="a">DLC</subfield>
			<subfield code="c">DLC</subfield>
		</datafield>
		<datafield tag="111" ind1="2" ind2="0">
			<subfield code="a">Seminar on Jerusalem and the Administered Territories 1967-1977</subfield>
			<subfield code="d">(1977 :</subfield>
			<subfield code="c">Harry S. Truman Research Institute)</subfield>
		</datafield>
		<datafield tag="411" ind1="2" ind2="0">
			<subfield code="w">nnaa</subfield>
			<subfield code="a">Seminar on Jerusalem and the Administered Territories 1967-1977,</subfield>
			<subfield code="c">Harry S. Truman Research Institute,</subfield>
			<subfield code="d">1977.</subfield>
		</datafield>
		<datafield tag="670" ind1=" " ind2=" ">
			<subfield code="a">Mannāʿ, A. Jerusalem and the administered territories ... 1977 (a.e.)</subfield>
			<subfield code="b">introd. (Seminar on Jerusalem and the Administered Territories 1967-1977, to have been held 6/5-7/77 under the auspices of the Harry S. Truman Research Institute)</subfield>
		</datafield>
	</record>