
	<record>
		<leader>00559cz   2200145n  4500</leader>
		<controlfield tag="001">n  80100798 </controlfield>
		<controlfield tag="003">DLC</controlfield>
		<controlfield tag="005">19900321170133.7</controlfield>
		<controlfield tag="008">800908n| acannaab|          |n aaa |||  </controlfield>
		<datafield tag="010" ind1=" " ind2=" ">
			<subfield code="a">n  80100798 </subfield>
		</datafield>
		<datafield tag="040" ind1=" " ind2=" ">
			<subfield code="a">DLC</subfield>
			<subfield code="c">DLC</subfield>
			<subfield code="d">DLC</subfield>
		</datafield>
		<datafield tag="100" ind1="1" ind2="0">
			<subfield code="a">Jamail, Milton H.</subfield>
		</datafield>
		<datafield tag="670" ind1=" " ind2=" ">
			<subfield code="a">His International water use relations along the Sonoran Desert borderlands, 1979:</subfield>
			<subfield code="b">t.p. (Milton H. Jamail, Pantano Institute)</subfield>
		</datafield>
		<datafield tag="670" ind1=" " ind2=" ">
			<subfield code="a">Black, G. Garrison Guatemala, c1984:</subfield>
			<subfield code="b">CIP t.p. (Milton Jamail)</subfield>
		</datafield>
		<datafield tag="670" ind1=" " ind2=" ">
			<subfield code="a">His The border guide, 1990:</subfield>
			<subfield code="b">CIP t.p. (Milton H. Jamail) data sht. (b. 6-19-43)</subfield>
		</datafield>
	</record>