
	<record>
		<leader>00365nz   2200133n  4500</leader>
		<controlfield tag="001">n  80121536 </controlfield>
		<controlfield tag="003">DLC</controlfield>
		<controlfield tag="005">19840322000000.0</controlfield>
		<controlfield tag="008">800923n| acannaab|          |n aaa |||  </controlfield>
		<datafield tag="010" ind1=" " ind2=" ">
			<subfield code="a">n  80121536 </subfield>
		</datafield>
		<datafield tag="040" ind1=" " ind2=" ">
			<subfield code="a">DLC</subfield>
			<subfield code="c">DLC</subfield>
		</datafield>
		<datafield tag="100" ind1="1" ind2="0">
			<subfield code="a">Bendt, Ingela,</subfield>
			<subfield code="d">1951-</subfield>
		</datafield>
		<datafield tag="670" ind1=" " ind2=" ">
			<subfield code="a">Her Vi ska tillbaka till vår jord, 1980:</subfield>
			<subfield code="b">t.p. (Ingela Bendt)</subfield>
		</datafield>
		<datafield tag="670" ind1=" " ind2=" ">
			<subfield code="a">S80</subfield>
			<subfield code="b">(Bendt, Ingela, 1951- )</subfield>
		</datafield>
	</record>