
	<record>
		<leader>00813nz   2200169n  4500</leader>
		<controlfield tag="001">n  80126367 </controlfield>
		<controlfield tag="003">DLC</controlfield>
		<controlfield tag="005">19840322000000.0</controlfield>
		<controlfield tag="008">801007n| acannaab|          |a ana |||  </controlfield>
		<datafield tag="010" ind1=" " ind2=" ">
			<subfield code="a">n  80126367 </subfield>
		</datafield>
		<datafield tag="040" ind1=" " ind2=" ">
			<subfield code="a">DLC</subfield>
			<subfield code="c">DLC</subfield>
		</datafield>
		<datafield tag="110" ind1="2" ind2="0">
			<subfield code="a">Indiana University, Bloomington.</subfield>
		</datafield>
		<datafield tag="410" ind1="1" ind2="0">
			<subfield code="a">Bloomington (Ind.).</subfield>
			<subfield code="b">Indiana University, Bloomington</subfield>
		</datafield>
		<datafield tag="410" ind1="1" ind2="0">
			<subfield code="a">Indiana.</subfield>
			<subfield code="b">Indiana University, Bloomington</subfield>
		</datafield>
		<datafield tag="410" ind1="1" ind2="0">
			<subfield code="a">Indiana.</subfield>
			<subfield code="b">University, Bloomington</subfield>
		</datafield>
		<datafield tag="510" ind1="2" ind2="0">
			<subfield code="a">Indiana University</subfield>
		</datafield>
		<datafield tag="667" ind1=" " ind2=" ">
			<subfield code="a">To be used for publications of the main campus of Indiana University after the university's reorganization in 1974. For publications of the main campus before 1974 and for all publications of the Indiana University system, use Indiana University. As appropriate, use also the names of the other individual campuses of the university</subfield>
		</datafield>
	</record>