
	<record>
		<leader>00602nz   2200157n  4500</leader>
		<controlfield tag="001">n  80142009 </controlfield>
		<controlfield tag="003">DLC</controlfield>
		<controlfield tag="005">19840322000000.0</controlfield>
		<controlfield tag="008">801104n| acannaab|          |b ana |||  </controlfield>
		<datafield tag="010" ind1=" " ind2=" ">
			<subfield code="a">n  80142009 </subfield>
		</datafield>
		<datafield tag="040" ind1=" " ind2=" ">
			<subfield code="a">DLC</subfield>
			<subfield code="c">DLC</subfield>
		</datafield>
		<datafield tag="110" ind1="2" ind2="0">
			<subfield code="a">Center for Arab and Islamic Studies (U.S.)</subfield>
		</datafield>
		<datafield tag="410" ind1="2" ind2="0">
			<subfield code="a">Center for Arab-Islamic Studies</subfield>
		</datafield>
		<datafield tag="410" ind1="1" ind2="0">
			<subfield code="a">Miami, Fla.</subfield>
			<subfield code="b">Center for Arab and Islamic Studies</subfield>
		</datafield>
		<datafield tag="667" ind1=" " ind2=" ">
			<subfield code="a">AACR 1 form: Center for Arab and Islamic Studies (U.S.)</subfield>
		</datafield>
		<datafield tag="670" ind1=" " ind2=" ">
			<subfield code="a">The Search, spring 1980 (a.e.)</subfield>
			<subfield code="b">t.p. (Center for Arab and Islamic Studies) verso of t.p. (Center for Arab-Islamic Studies; Miami, Florida)</subfield>
		</datafield>
	</record>