
	<record>
		<leader>00471cz   2200145n  4500</leader>
		<controlfield tag="001">n  80160307 </controlfield>
		<controlfield tag="003">DLC</controlfield>
		<controlfield tag="005">19970618150147.6</controlfield>
		<controlfield tag="008">801211n| acannaab|          |n aaa |||  </controlfield>
		<datafield tag="010" ind1=" " ind2=" ">
			<subfield code="a">n  80160307 </subfield>
		</datafield>
		<datafield tag="040" ind1=" " ind2=" ">
			<subfield code="a">DLC</subfield>
			<subfield code="c">DLC</subfield>
			<subfield code="d">DLC</subfield>
		</datafield>
		<datafield tag="100" ind1="1" ind2="0">
			<subfield code="a">Bradley, David,</subfield>
			<subfield code="d">1950-</subfield>
		</datafield>
		<datafield tag="670" ind1=" " ind2=" ">
			<subfield code="a">His South Street, 1975.</subfield>
		</datafield>
		<datafield tag="670" ind1=" " ind2=" ">
			<subfield code="a">The encyclopedia of civil rights in America, 1997:</subfield>
			<subfield code="b">CIP t.p. (David Bradley)</subfield>
		</datafield>
		<datafield tag="670" ind1=" " ind2=" ">
			<subfield code="a">Phone call to M.E. Sharpe, June 18, 1997</subfield>
			<subfield code="b">(David H. Bradley, Jr.; b. 1950)</subfield>
		</datafield>
	</record>