
	<record>
		<leader>00818cz   2200193n  4500</leader>
		<controlfield tag="001">n  81006954 </controlfield>
		<controlfield tag="003">DLC</controlfield>
		<controlfield tag="005">19930907131603.1</controlfield>
		<controlfield tag="008">810121n| acannaab|          |a ana |||  </controlfield>
		<datafield tag="010" ind1=" " ind2=" ">
			<subfield code="a">n  81006954 </subfield>
		</datafield>
		<datafield tag="040" ind1=" " ind2=" ">
			<subfield code="a">DLC</subfield>
			<subfield code="c">DLC</subfield>
			<subfield code="d">DLC</subfield>
		</datafield>
		<datafield tag="110" ind1="2" ind2="0">
			<subfield code="a">Sperry Rand Corporation.</subfield>
			<subfield code="b">Univac Division</subfield>
		</datafield>
		<datafield tag="410" ind1="2" ind2="0">
			<subfield code="a">Sperry Rand Corporation.</subfield>
			<subfield code="b">Univac Data Processing Division</subfield>
		</datafield>
		<datafield tag="410" ind1="2" ind2="0">
			<subfield code="a">Univac Division</subfield>
		</datafield>
		<datafield tag="510" ind1="2" ind2="0">
			<subfield code="w">b</subfield>
			<subfield code="a">Sperry Univac</subfield>
		</datafield>
		<datafield tag="667" ind1=" " ind2=" ">
			<subfield code="a">Old catalog heading: Sperry Rand Corporation. UNIVAC Division</subfield>
		</datafield>
		<datafield tag="670" ind1=" " ind2=" ">
			<subfield code="a">Its The Univac II data automation system, 1957.</subfield>
		</datafield>
		<datafield tag="670" ind1=" " ind2=" ">
			<subfield code="a">Technical manual for type 1219 digital data computer, c1965:</subfield>
			<subfield code="b">t.p. (Univac Division of Sperry Rand Corporation)</subfield>
		</datafield>
		<datafield tag="675" ind1=" " ind2=" ">
			<subfield code="a">Jensen, S. O. Solar collector studies for solar heating and cooling applications, 1979:</subfield>
			<subfield code="a">t.p. (Sperry Univac, St. Paul, Minn.)</subfield>
		</datafield>
	</record>