
	<record>
		<leader>01024cz   2200157n  4500</leader>
		<controlfield tag="001">n  81008682 </controlfield>
		<controlfield tag="003">DLC</controlfield>
		<controlfield tag="005">19910607172808.5</controlfield>
		<controlfield tag="008">810129n| acannaab|          |a ana ||| c</controlfield>
		<datafield tag="010" ind1=" " ind2=" ">
			<subfield code="a">n  81008682 </subfield>
		</datafield>
		<datafield tag="040" ind1=" " ind2=" ">
			<subfield code="a">DGPO</subfield>
			<subfield code="c">DLC</subfield>
			<subfield code="d">DGPO</subfield>
		</datafield>
		<datafield tag="110" ind1="1" ind2="0">
			<subfield code="a">United States.</subfield>
			<subfield code="b">Congress.</subfield>
			<subfield code="b">House.</subfield>
			<subfield code="b">Committee on the Judiciary.</subfield>
			<subfield code="b">Subcommittee on Immigration, Refugees, and International Law.</subfield>
		</datafield>
		<datafield tag="410" ind1="1" ind2="0">
			<subfield code="a">United States.</subfield>
			<subfield code="b">Congress.</subfield>
			<subfield code="b">House.</subfield>
			<subfield code="b">Subcommittee on Immigration, Refugees, and International Law</subfield>
		</datafield>
		<datafield tag="510" ind1="1" ind2="0">
			<subfield code="w">b</subfield>
			<subfield code="a">United States.</subfield>
			<subfield code="b">Congress.</subfield>
			<subfield code="b">House.</subfield>
			<subfield code="b">Committee on the Judiciary.</subfield>
			<subfield code="b">Subcommittee on International Law, Immigration, and Refugees</subfield>
		</datafield>
		<datafield tag="670" ind1=" " ind2=" ">
			<subfield code="a">Its Immigration and Naturalization Service ... 1980:</subfield>
			<subfield code="b">t.p. (Subcommittee on Immigration, Refugees, and International Law of the Committee on the Judiciary, House of Representatives, Ninety-sixth Congress)</subfield>
		</datafield>
		<datafield tag="670" ind1=" " ind2=" ">
			<subfield code="a">Phone call to Committee, 6/6/91:</subfield>
			<subfield code="b">(Subcommittee on Immigration, Refugees, and International Law, became Subcommittee on International Law, Immigration, and Refugees in Feb. 1991)</subfield>
		</datafield>
	</record>