
	<record>
		<leader>00569nz   2200145n  4500</leader>
		<controlfield tag="001">n  81016527 </controlfield>
		<controlfield tag="003">DLC</controlfield>
		<controlfield tag="005">19840322000000.0</controlfield>
		<controlfield tag="008">810304n| acannaab|          |a ana ||| c</controlfield>
		<datafield tag="010" ind1=" " ind2=" ">
			<subfield code="a">n  81016527 </subfield>
		</datafield>
		<datafield tag="040" ind1=" " ind2=" ">
			<subfield code="a">DGPO</subfield>
			<subfield code="c">DLC</subfield>
		</datafield>
		<datafield tag="110" ind1="1" ind2="0">
			<subfield code="a">United States.</subfield>
			<subfield code="t">Stevenson-Wydler Technology Innovation Act of 1980</subfield>
		</datafield>
		<datafield tag="410" ind1="1" ind2="0">
			<subfield code="a">United States.</subfield>
			<subfield code="t">Act to Promote United States Technological Innovation for the Achievement of National Economic, Environmental, and Social Goals, and for Other Purposes</subfield>
		</datafield>
		<datafield tag="410" ind1="1" ind2="0">
			<subfield code="a">United States.</subfield>
			<subfield code="t">Public Law 96-480</subfield>
		</datafield>
		<datafield tag="670" ind1=" " ind2=" ">
			<subfield code="a">Its An Act to Promote ... 1980.</subfield>
		</datafield>
	</record>