
	<record>
		<leader>00880cz   2200217n  4500</leader>
		<controlfield tag="001">n  81016971 </controlfield>
		<controlfield tag="003">DLC</controlfield>
		<controlfield tag="005">19920519173724.2</controlfield>
		<controlfield tag="008">810305n| acannaab|          |a ana |||  </controlfield>
		<datafield tag="010" ind1=" " ind2=" ">
			<subfield code="a">n  81016971 </subfield>
		</datafield>
		<datafield tag="040" ind1=" " ind2=" ">
			<subfield code="a">DLC</subfield>
			<subfield code="c">DLC</subfield>
			<subfield code="d">InU</subfield>
		</datafield>
		<datafield tag="110" ind1="2" ind2="0">
			<subfield code="a">Remington Rand, Inc.</subfield>
		</datafield>
		<datafield tag="410" ind1="2" ind2="0">
			<subfield code="a">Remington Rand (Firm)</subfield>
		</datafield>
		<datafield tag="410" ind1="2" ind2="0">
			<subfield code="a">Sperry Rand Corporation.</subfield>
			<subfield code="b">Remington Rand Div.</subfield>
		</datafield>
		<datafield tag="410" ind1="2" ind2="0">
			<subfield code="a">Sperry Rand Corporation.</subfield>
			<subfield code="b">Remington Rand</subfield>
		</datafield>
		<datafield tag="510" ind1="2" ind2="0">
			<subfield code="a">Sperry Rand Corporation</subfield>
		</datafield>
		<datafield tag="510" ind1="2" ind2="0">
			<subfield code="a">Sperry Corporation</subfield>
		</datafield>
		<datafield tag="510" ind1="2" ind2="0">
			<subfield code="w">b</subfield>
			<subfield code="a">Remington Rand Systems</subfield>
		</datafield>
		<datafield tag="670" ind1=" " ind2=" ">
			<subfield code="a">Its Machine posting of accounts ... c1941.</subfield>
		</datafield>
		<datafield tag="670" ind1=" " ind2=" ">
			<subfield code="a">Progressive indexing and filing, 5th ed. (1950):</subfield>
			<subfield code="b">t.p. (Remington Rand Inc.)</subfield>
		</datafield>
		<datafield tag="670" ind1=" " ind2=" ">
			<subfield code="a">Systems for educators, Sept.-Oct. 1957:</subfield>
			<subfield code="b">p. 2 (Remington Rand; division of Sperry Rand Corporation) p. 3 (Remington Rand Div., Sperry Rand Corp.); Mar.-Apr. 1962: p. 2 (Remington Rand Systems)</subfield>
		</datafield>
	</record>