
	<record>
		<leader>00452cz   2200157n  4500</leader>
		<controlfield tag="001">n  81016972 </controlfield>
		<controlfield tag="003">DLC</controlfield>
		<controlfield tag="005">19920519173745.1</controlfield>
		<controlfield tag="008">810305n| acannaab|          |a ana |||  </controlfield>
		<datafield tag="010" ind1=" " ind2=" ">
			<subfield code="a">n  81016972 </subfield>
		</datafield>
		<datafield tag="040" ind1=" " ind2=" ">
			<subfield code="a">DLC</subfield>
			<subfield code="c">DLC</subfield>
			<subfield code="d">InU</subfield>
		</datafield>
		<datafield tag="110" ind1="2" ind2="0">
			<subfield code="a">Sperry Rand Corporation</subfield>
		</datafield>
		<datafield tag="510" ind1="2" ind2="0">
			<subfield code="a">Remington Rand, Inc.</subfield>
		</datafield>
		<datafield tag="510" ind1="2" ind2="0">
			<subfield code="a">Sperry Corporation</subfield>
		</datafield>
		<datafield tag="670" ind1=" " ind2=" ">
			<subfield code="a">The Programmer, 1957-</subfield>
		</datafield>
		<datafield tag="670" ind1=" " ind2=" ">
			<subfield code="a">Moody's ind. man., 1980</subfield>
			<subfield code="b">(Sperry Corporation; present name adopted July 1979)</subfield>
		</datafield>
	</record>