
	<record>
		<leader>01349cz   2200337n  4500</leader>
		<controlfield tag="001">n  81018331 </controlfield>
		<controlfield tag="003">DLC</controlfield>
		<controlfield tag="005">20010827130926.0</controlfield>
		<controlfield tag="008">810317n| acannaab           |a ana      </controlfield>
		<datafield tag="010" ind1=" " ind2=" ">
			<subfield code="a">n  81018331 </subfield>
			<subfield code="z">sh 85053886 </subfield>
		</datafield>
		<datafield tag="040" ind1=" " ind2=" ">
			<subfield code="a">DLC</subfield>
			<subfield code="c">DLC</subfield>
			<subfield code="d">DLC</subfield>
			<subfield code="d">NjP</subfield>
			<subfield code="d">DLC</subfield>
			<subfield code="d">NIC</subfield>
		</datafield>
		<datafield tag="151" ind1=" " ind2="0">
			<subfield code="a">Geneva (Switzerland)</subfield>
		</datafield>
		<datafield tag="451" ind1=" " ind2="0">
			<subfield code="a">Genève (Switzerland)</subfield>
		</datafield>
		<datafield tag="451" ind1=" " ind2="0">
			<subfield code="a">Genf (Switzerland)</subfield>
		</datafield>
		<datafield tag="451" ind1=" " ind2="0">
			<subfield code="a">Ginevra (Switzerland)</subfield>
		</datafield>
		<datafield tag="451" ind1=" " ind2="0">
			<subfield code="a">Jih-nei-wa (Switzerland)</subfield>
		</datafield>
		<datafield tag="451" ind1=" " ind2="0">
			<subfield code="a">Ginebra (Switzerland)</subfield>
		</datafield>
		<datafield tag="451" ind1=" " ind2="0">
			<subfield code="a">Cheneba (Switzerland)</subfield>
		</datafield>
		<datafield tag="451" ind1=" " ind2="0">
			<subfield code="a">Geneua (Switzerland)</subfield>
		</datafield>
		<datafield tag="451" ind1=" " ind2="0">
			<subfield code="a">Cenevre (Switzerland)</subfield>
		</datafield>
		<datafield tag="451" ind1=" " ind2=" ">
			<subfield code="a">Colonia Allobrogum (Switzerland)</subfield>
		</datafield>
		<datafield tag="551" ind1=" " ind2="0">
			<subfield code="a">Eaux-Vives (Switzerland)</subfield>
		</datafield>
		<datafield tag="551" ind1=" " ind2="0">
			<subfield code="w">a</subfield>
			<subfield code="a">Geneva (Republic)</subfield>
		</datafield>
		<datafield tag="667" ind1=" " ind2=" ">
			<subfield code="a">Old catalog heading: Geneva</subfield>
		</datafield>
		<datafield tag="670" ind1=" " ind2=" ">
			<subfield code="a">Chang, C.K. Kuo chi chʿeng shih Jih-nei-wa, 1983.</subfield>
		</datafield>
		<datafield tag="670" ind1=" " ind2=" ">
			<subfield code="a">El Indígena y la tierra, 1983:</subfield>
			<subfield code="b">t.p. (Ginebra)</subfield>
		</datafield>
		<datafield tag="670" ind1=" " ind2=" ">
			<subfield code="a">Kim, H. Cheneba hakpʿa yŏnʾgu, 1986:</subfield>
			<subfield code="b">t.p. (Cheneba)</subfield>
		</datafield>
		<datafield tag="670" ind1=" " ind2=" ">
			<subfield code="a">Its The lawes and statutes of Geneua [MI] 1562.</subfield>
		</datafield>
		<datafield tag="670" ind1=" " ind2=" ">
			<subfield code="a">Enc. Brit., 1983</subfield>
			<subfield code="b">(Geneva: independent republic from 1536 to 1798; annexed by France in 1798 &amp; became part of its Département du Léman; regained indep. in 1814 &amp; became part of Switzerland in 1815)</subfield>
		</datafield>
		<datafield tag="670" ind1=" " ind2=" ">
			<subfield code="a">Genevreʾde tahsil, 1912 or 1913.</subfield>
		</datafield>
		<datafield tag="670" ind1=" " ind2=" ">
			<subfield code="a">Orbis Latinus:</subfield>
			<subfield code="b">II, 139 (Geneva ... Colonia Allobrogum)</subfield>
		</datafield>
	</record>