
	<record>
		<leader>00586cz   2200169n  4500</leader>
		<controlfield tag="001">n  81028288 </controlfield>
		<controlfield tag="003">DLC</controlfield>
		<controlfield tag="005">20000429065207.0</controlfield>
		<controlfield tag="008">810805n| acannaabn          |a aaa      </controlfield>
		<datafield tag="010" ind1=" " ind2=" ">
			<subfield code="a">n  81028288 </subfield>
		</datafield>
		<datafield tag="035" ind1=" " ind2=" ">
			<subfield code="a">(OCoLC)oca00574026</subfield>
		</datafield>
		<datafield tag="040" ind1=" " ind2=" ">
			<subfield code="a">DLC</subfield>
			<subfield code="b">eng</subfield>
			<subfield code="c">DLC</subfield>
			<subfield code="d">OCoLC</subfield>
		</datafield>
		<datafield tag="100" ind1="1" ind2=" ">
			<subfield code="a">Simón Cabarga, José,</subfield>
			<subfield code="d">1902-</subfield>
		</datafield>
		<datafield tag="400" ind1="1" ind2=" ">
			<subfield code="a">Cabarga, José Simón,</subfield>
			<subfield code="d">1902-</subfield>
		</datafield>
		<datafield tag="400" ind1="1" ind2=" ">
			<subfield code="a">Simón Cabarga, J.</subfield>
			<subfield code="q">(José),</subfield>
			<subfield code="d">1902-</subfield>
		</datafield>
		<datafield tag="670" ind1=" " ind2=" ">
			<subfield code="a">Alegre, D.</subfield>
			<subfield code="b">Daniel Alegre ... 1950.</subfield>
		</datafield>
		<datafield tag="670" ind1=" " ind2=" ">
			<subfield code="a">His Evocación de la vieja puebla, 1982:</subfield>
			<subfield code="b">t.p. (José Simón Cabarga) p. 7 (d. Sept. 1980; Madrid) flap (J. Simón Cabarga)</subfield>
		</datafield>
	</record>