
	<record>
		<leader>00497nz   2200121n  4500</leader>
		<controlfield tag="001">n  81037880 </controlfield>
		<controlfield tag="003">DLC</controlfield>
		<controlfield tag="005">19840322000000.0</controlfield>
		<controlfield tag="008">810430n| acannaab|          |n ana |||  </controlfield>
		<datafield tag="010" ind1=" " ind2=" ">
			<subfield code="a">n  81037880 </subfield>
		</datafield>
		<datafield tag="040" ind1=" " ind2=" ">
			<subfield code="a">DLC</subfield>
			<subfield code="c">DLC</subfield>
		</datafield>
		<datafield tag="110" ind1="2" ind2="0">
			<subfield code="a">American Telephone and Telegraph Company.</subfield>
			<subfield code="b">Network Planning Division.</subfield>
		</datafield>
		<datafield tag="670" ind1=" " ind2=" ">
			<subfield code="a">American Telephone and Telegraph Company.</subfield>
			<subfield code="b">Fundamental Network Planning Section. Notes on the network, 1980 (x-ref.) t.p. (American Telephone and Telegraph Company, Network Planning Division)</subfield>
		</datafield>
	</record>