
	<record>
		<leader>00845cz   2200229n  4500</leader>
		<controlfield tag="001">n  81050252 </controlfield>
		<controlfield tag="003">DLC</controlfield>
		<controlfield tag="005">20000401070212.0</controlfield>
		<controlfield tag="008">810910n| acannaabn          |a aaa      </controlfield>
		<datafield tag="010" ind1=" " ind2=" ">
			<subfield code="a">n  81050252 </subfield>
		</datafield>
		<datafield tag="035" ind1=" " ind2=" ">
			<subfield code="a">(OCoLC)oca00595777</subfield>
		</datafield>
		<datafield tag="040" ind1=" " ind2=" ">
			<subfield code="a">DLC</subfield>
			<subfield code="c">DLC</subfield>
			<subfield code="d">DLC</subfield>
			<subfield code="d">DLC-ON</subfield>
		</datafield>
		<datafield tag="053" ind1=" " ind2=" ">
			<subfield code="a">PK1818.9.J49</subfield>
		</datafield>
		<datafield tag="100" ind1="1" ind2=" ">
			<subfield code="a">Jhā, Surendra.</subfield>
		</datafield>
		<datafield tag="400" ind1="0" ind2=" ">
			<subfield code="a">Surendra Jhā</subfield>
		</datafield>
		<datafield tag="400" ind1="1" ind2=" ">
			<subfield code="a">Sumana, Surendra Jhā</subfield>
		</datafield>
		<datafield tag="400" ind1="0" ind2=" ">
			<subfield code="a">Surendra Jhā Sumana</subfield>
		</datafield>
		<datafield tag="400" ind1="0" ind2=" ">
			<subfield code="a">Surendrajhā "Sumana"</subfield>
		</datafield>
		<datafield tag="400" ind1="1" ind2=" ">
			<subfield code="a">Sumana, Surendrajhā</subfield>
		</datafield>
		<datafield tag="400" ind1="1" ind2=" ">
			<subfield code="a">Suman, Surendra Jha</subfield>
		</datafield>
		<datafield tag="670" ind1=" " ind2=" ">
			<subfield code="a">Author's Pratipadā, 1964.</subfield>
		</datafield>
		<datafield tag="670" ind1=" " ind2=" ">
			<subfield code="a">Śrīsumana sāhitya saurabha, 1994:</subfield>
			<subfield code="b">t.p. (Ācārya Śrīsurendrajhā Sumana) t.p. verso (Acharya Surendra Jha Suman) p. 22 (b. 10/09/1910) p. 24 (studied lit. fr. Dharmsamaj Sans. Coll., Muzaffarpur in 1928) p. 27 (retd. head, Postgrad. Dept., Mithila U.)</subfield>
		</datafield>
	</record>