
	<record>
		<leader>02453cz   2200481n  4500</leader>
		<controlfield tag="001">n  81052755 </controlfield>
		<controlfield tag="003">DLC</controlfield>
		<controlfield tag="005">19971220061205.8</controlfield>
		<controlfield tag="008">810918i| acannaab|          |a ana |||  </controlfield>
		<datafield tag="010" ind1=" " ind2=" ">
			<subfield code="a">n  81052755 </subfield>
		</datafield>
		<datafield tag="035" ind1=" " ind2=" ">
			<subfield code="a">(OCoLC)oca00598259 </subfield>
		</datafield>
		<datafield tag="040" ind1=" " ind2=" ">
			<subfield code="a">DLC</subfield>
			<subfield code="c">DLC</subfield>
			<subfield code="d">DLC</subfield>
			<subfield code="d">InU</subfield>
		</datafield>
		<datafield tag="110" ind1="2" ind2="0">
			<subfield code="a">International Monetary Fund</subfield>
		</datafield>
		<datafield tag="410" ind1="2" ind2="0">
			<subfield code="a">Mezhdunarodnyĭ vali︠u︡tnyĭ fond</subfield>
		</datafield>
		<datafield tag="410" ind1="2" ind2="0">
			<subfield code="a">Fundo Monetário Internacional</subfield>
		</datafield>
		<datafield tag="410" ind1="2" ind2="0">
			<subfield code="a">Fondo Monetario Internacional</subfield>
		</datafield>
		<datafield tag="410" ind1="2" ind2="0">
			<subfield code="a">IMF</subfield>
		</datafield>
		<datafield tag="410" ind1="2" ind2="0">
			<subfield code="a">FMI</subfield>
		</datafield>
		<datafield tag="410" ind1="2" ind2="0">
			<subfield code="a">Internationaler Währungsfonds</subfield>
		</datafield>
		<datafield tag="410" ind1="2" ind2="0">
			<subfield code="a">Kokusai Tsūka Kikin</subfield>
		</datafield>
		<datafield tag="410" ind1="2" ind2="0">
			<subfield code="a">Fonds monétaire international</subfield>
		</datafield>
		<datafield tag="410" ind1="2" ind2="0">
			<subfield code="a">Kukche Tʿonghwa Kigŭm</subfield>
		</datafield>
		<datafield tag="410" ind1="2" ind2="0">
			<subfield code="a">Kansainvälinen Valuuttarahasto</subfield>
		</datafield>
		<datafield tag="410" ind1="2" ind2="0">
			<subfield code="a">Kuo chi huo pi chi chin</subfield>
		</datafield>
		<datafield tag="410" ind1="2" ind2="0">
			<subfield code="a">Fondul Monetar Internațional</subfield>
		</datafield>
		<datafield tag="410" ind1="2" ind2="0">
			<subfield code="a">Fondul Monetar International</subfield>
		</datafield>
		<datafield tag="410" ind1="2" ind2="0">
			<subfield code="a">Ṣundūq al-Naqd al-Dawlī</subfield>
		</datafield>
		<datafield tag="410" ind1="2" ind2="0">
			<subfield code="a">Fondo M. Internacional</subfield>
		</datafield>
		<datafield tag="410" ind1="2" ind2="0">
			<subfield code="a">IWF</subfield>
		</datafield>
		<datafield tag="410" ind1="2" ind2="0">
			<subfield code="a">Kå̜ongthun Kānng¶̄n rawāng Prathēt</subfield>
		</datafield>
		<datafield tag="410" ind1="2" ind2="0">
			<subfield code="a">MVF</subfield>
		</datafield>
		<datafield tag="410" ind1="2" ind2="0">
			<subfield code="a">Międzynarodowy Fundusz Walutowy</subfield>
		</datafield>
		<datafield tag="410" ind1="2" ind2="0">
			<subfield code="a">Mulya Aramudala</subfield>
		</datafield>
		<datafield tag="410" ind1="2" ind2="0">
			<subfield code="a">I.M.F.</subfield>
		</datafield>
		<datafield tag="410" ind1="2" ind2="0">
			<subfield code="a">Quẏ tiã̀en tạ̃e quã́oc tã́e</subfield>
		</datafield>
		<datafield tag="670" ind1=" " ind2=" ">
			<subfield code="a">Ṣāliħānī, ʿI.al-D. Ṣundūq al-Naqd al-Dawlī wa-al-musāhamah al-Saʿūdīyah, 1983:</subfield>
			<subfield code="b">t.p.</subfield>
		</datafield>
		<datafield tag="670" ind1=" " ind2=" ">
			<subfield code="a">El Partido Radical y la pol. econ. argentina, 1984, 1984- :</subfield>
			<subfield code="b">v. 1, t.p. (Fondo Monetario Internacional) cover (Fondo M. Internacional)</subfield>
		</datafield>
		<datafield tag="670" ind1=" " ind2=" ">
			<subfield code="a">Im Teufelskreis der Verschuldung, 1984:</subfield>
			<subfield code="b">t.p. (Internationale Währungsfonds) p. 9 (IWF)</subfield>
		</datafield>
		<datafield tag="670" ind1=" " ind2=" ">
			<subfield code="a">Wiwatthanachai, Prince. Phradamrat khå̜ong Phrawå̜orawongth¶̄ ... 1961:</subfield>
			<subfield code="b">t.p. (Kå̜ongthun Kānng¶̄n rawāng Prathēt) p. 1, 1st group (Kå̜ongthun Kānng¶̄n rawāng Prathēt = International Monetary Fund [in rom.])</subfield>
		</datafield>
		<datafield tag="670" ind1=" " ind2=" ">
			<subfield code="a">Anulova, G.N. Mezhdunarodnye vali︠u︡tno-finansovye organizat︠s︡ii i razvivai︠u︡shchiesi︠a︡ strany, 1988:</subfield>
			<subfield code="b">verso t.p. (Mezhdunarodnogo vali︠u︡tnogo fonda; MVF)</subfield>
		</datafield>
		<datafield tag="670" ind1=" " ind2=" ">
			<subfield code="a">Toczek, J.M. Problem zadłużenia Polskiej Rzeczypospolitej Ludowej i rola Międzynarodowego Funduszu Walutowego w jego rozwiązywaniu, 1988:</subfield>
			<subfield code="b">t.p. (Międzynarodowego Funduszu Walutowego)</subfield>
		</datafield>
		<datafield tag="670" ind1=" " ind2=" ">
			<subfield code="a">Guṇavardhana, Bandula. Lōka Băṅkuva-Mulya Aramudala hā Śrī Laṅkāva, 1992:</subfield>
			<subfield code="b">t.p. (Mulya Aramudala; I.M.F.)</subfield>
		</datafield>
		<datafield tag="670" ind1=" " ind2=" ">
			<subfield code="a">Gi¼́i thiạ̃eu mạ̃ot sã́o tã̉o ch½́c thuạ̃oc hạ̃e thã́ong Liên H¼̣p Quã́oc hã̃o tr¼̣ Viạ̃et nam trong công cuạ̃oc phát triã̉en, 1995:</subfield>
			<subfield code="b">p. 11 (Quẏ tiã̀en tạ̃e quã́oc tã́e (IMF))</subfield>
		</datafield>
	</record>