
	<record>
		<leader>00492cz   2200133n  4500</leader>
		<controlfield tag="001">n  81053484 </controlfield>
		<controlfield tag="003">DLC</controlfield>
		<controlfield tag="005">19900312135840.2</controlfield>
		<controlfield tag="008">810918n| acannaab|          |a aaa |||  </controlfield>
		<datafield tag="010" ind1=" " ind2=" ">
			<subfield code="a">n  81053484 </subfield>
		</datafield>
		<datafield tag="040" ind1=" " ind2=" ">
			<subfield code="a">DLC</subfield>
			<subfield code="c">DLC</subfield>
			<subfield code="d">DLC</subfield>
		</datafield>
		<datafield tag="100" ind1="1" ind2="0">
			<subfield code="a">Andrews, William Loring,</subfield>
			<subfield code="d">1837-1920</subfield>
		</datafield>
		<datafield tag="400" ind1="1" ind2="0">
			<subfield code="a">Andrews, Wm. L.</subfield>
			<subfield code="q">(William Loring),</subfield>
			<subfield code="d">1837-1920</subfield>
		</datafield>
		<datafield tag="670" ind1=" " ind2=" ">
			<subfield code="a">His A choice collection of books from the Aldine presses in the possession of ******, 1885:</subfield>
			<subfield code="b">verso of t.p. (LC copy signed in manuscript: Wm. L. Andrews)</subfield>
		</datafield>
	</record>