
	<record>
		<leader>00586cz   2200169n  4500</leader>
		<controlfield tag="001">n  81075551 </controlfield>
		<controlfield tag="003">DLC</controlfield>
		<controlfield tag="005">19910822134240.2</controlfield>
		<controlfield tag="008">810717n| acannaab|          |a aaa |||  </controlfield>
		<datafield tag="010" ind1=" " ind2=" ">
			<subfield code="a">n  81075551 </subfield>
			<subfield code="z">n  79132551 </subfield>
		</datafield>
		<datafield tag="040" ind1=" " ind2=" ">
			<subfield code="a">DLC</subfield>
			<subfield code="c">DLC</subfield>
			<subfield code="d">DLC</subfield>
		</datafield>
		<datafield tag="100" ind1="1" ind2="0">
			<subfield code="a">Stone, Rosetta.</subfield>
		</datafield>
		<datafield tag="400" ind1="0" ind2="0">
			<subfield code="a">Rosetta Stone (Writer)</subfield>
		</datafield>
		<datafield tag="500" ind1="1" ind2="0">
			<subfield code="w">nnnc</subfield>
			<subfield code="a">Seuss,</subfield>
			<subfield code="c">Dr.</subfield>
		</datafield>
		<datafield tag="500" ind1="1" ind2="0">
			<subfield code="w">nnnc</subfield>
			<subfield code="a">Frith, Michael K.</subfield>
		</datafield>
		<datafield tag="663" ind1=" " ind2=" ">
			<subfield code="a">Joint pseudonym of Michael K. Frith and Dr. Seuss. For works written under their own names, search also under</subfield>
			<subfield code="b">Frith, Michael K.,</subfield>
			<subfield code="b">Seuss, Dr.</subfield>
		</datafield>
		<datafield tag="670" ind1=" " ind2=" ">
			<subfield code="a">Her Because a little bug went ka-choo, 1975.</subfield>
		</datafield>
	</record>