
	<record>
		<leader>01402cz   2200301n  4500</leader>
		<controlfield tag="001">n  81081247 </controlfield>
		<controlfield tag="003">DLC</controlfield>
		<controlfield tag="005">19990602052713.1</controlfield>
		<controlfield tag="008">811002n| acannaab|          |a aaa      </controlfield>
		<datafield tag="010" ind1=" " ind2=" ">
			<subfield code="a">n  81081247 </subfield>
		</datafield>
		<datafield tag="035" ind1=" " ind2=" ">
			<subfield code="a">(OCoLC)oca00626500 </subfield>
		</datafield>
		<datafield tag="040" ind1=" " ind2=" ">
			<subfield code="a">DLC</subfield>
			<subfield code="c">DLC</subfield>
			<subfield code="d">DLC</subfield>
			<subfield code="d">CtY-Mus</subfield>
			<subfield code="d">DLC</subfield>
			<subfield code="d">PPi-MA</subfield>
		</datafield>
		<datafield tag="100" ind1="1" ind2="0">
			<subfield code="a">Mozart, Wolfgang Amadeus,</subfield>
			<subfield code="d">1756-1791.</subfield>
			<subfield code="t">Zauberflöte</subfield>
		</datafield>
		<datafield tag="400" ind1="1" ind2="0">
			<subfield code="a">Mozart, Wolfgang Amadeus,</subfield>
			<subfield code="d">1756-1791.</subfield>
			<subfield code="t">Misteri d'Iside</subfield>
		</datafield>
		<datafield tag="400" ind1="1" ind2="0">
			<subfield code="a">Mozart, Wolfgang Amadeus,</subfield>
			<subfield code="d">1756-1791.</subfield>
			<subfield code="t">Mysteries of Isis</subfield>
		</datafield>
		<datafield tag="400" ind1="1" ind2="0">
			<subfield code="a">Mozart, Wolfgang Amadeus,</subfield>
			<subfield code="d">1756-1791.</subfield>
			<subfield code="t">Flûte enchantée</subfield>
		</datafield>
		<datafield tag="400" ind1="1" ind2="0">
			<subfield code="a">Mozart, Wolfgang Amadeus,</subfield>
			<subfield code="d">1756-1791.</subfield>
			<subfield code="t">Flauto magico</subfield>
		</datafield>
		<datafield tag="400" ind1="1" ind2="0">
			<subfield code="a">Mozart, Wolfgang Amadeus,</subfield>
			<subfield code="d">1756-1791.</subfield>
			<subfield code="t">Magic flute</subfield>
		</datafield>
		<datafield tag="400" ind1="1" ind2="0">
			<subfield code="a">Mozart, Wolfgang Amadeus,</subfield>
			<subfield code="d">1756-1791.</subfield>
			<subfield code="t">Enchanted flute</subfield>
		</datafield>
		<datafield tag="400" ind1="1" ind2="0">
			<subfield code="a">Mozart, Wolfgang Amadeus,</subfield>
			<subfield code="d">1756-1791.</subfield>
			<subfield code="t">Mystères d'Isis</subfield>
		</datafield>
		<datafield tag="400" ind1="1" ind2="0">
			<subfield code="a">Mozart, Wolfgang Amadeus,</subfield>
			<subfield code="d">1756-1791.</subfield>
			<subfield code="t">Varázsfuvola</subfield>
		</datafield>
		<datafield tag="400" ind1="1" ind2="0">
			<subfield code="a">Mozart, Wolfgang Amadeus,</subfield>
			<subfield code="d">1756-1791.</subfield>
			<subfield code="t">Trollflöjten</subfield>
		</datafield>
		<datafield tag="400" ind1="1" ind2="0">
			<subfield code="a">Mozart, Wolfgang Amadeus,</subfield>
			<subfield code="d">1756-1791.</subfield>
			<subfield code="t">Užburtoji fleita</subfield>
		</datafield>
		<datafield tag="400" ind1="1" ind2="0">
			<subfield code="a">Mozart, Wolfgang Amadeus,</subfield>
			<subfield code="d">1756-1791.</subfield>
			<subfield code="t">Zauberfloete</subfield>
		</datafield>
		<datafield tag="400" ind1="1" ind2="0">
			<subfield code="a">Mozart, Wolfgang Amadeus,</subfield>
			<subfield code="d">1756-1791.</subfield>
			<subfield code="t">Tryllefløjten</subfield>
		</datafield>
		<datafield tag="400" ind1="1" ind2="0">
			<subfield code="a">Mozart, Wolfgang Amadeus,</subfield>
			<subfield code="d">1756-1791.</subfield>
			<subfield code="t">Flauta mágica</subfield>
		</datafield>
		<datafield tag="670" ind1=" " ind2=" ">
			<subfield code="a">Mozart, W.A. The magic flute, 1985:</subfield>
			<subfield code="b">t.p. (The magic flute = Die Zauberflöte)</subfield>
		</datafield>
		<datafield tag="670" ind1=" " ind2=" ">
			<subfield code="a">Köchel, 6. Aufl.</subfield>
			<subfield code="b">(620. Die Zauberflöte)</subfield>
		</datafield>
	</record>