
	<record>
		<leader>00312nz   2200121n  4500</leader>
		<controlfield tag="001">n  81086572 </controlfield>
		<controlfield tag="003">DLC</controlfield>
		<controlfield tag="005">19840322000000.0</controlfield>
		<controlfield tag="008">810813n| adannaab|          |n aaa |||  </controlfield>
		<datafield tag="010" ind1=" " ind2=" ">
			<subfield code="a">n  81086572 </subfield>
		</datafield>
		<datafield tag="040" ind1=" " ind2=" ">
			<subfield code="a">DLC</subfield>
			<subfield code="c">DLC</subfield>
		</datafield>
		<datafield tag="100" ind1="1" ind2="0">
			<subfield code="a">Churchill, Winston,</subfield>
			<subfield code="c">Sir,</subfield>
			<subfield code="d">1874-1965</subfield>
			<subfield code="c">(Spirit)</subfield>
		</datafield>
		<datafield tag="670" ind1=" " ind2=" ">
			<subfield code="a">Its Churchill returns, c1981.</subfield>
		</datafield>
	</record>