
	<record>
		<leader>00461cz   2200181n  4500</leader>
		<controlfield tag="001">n  81090021 </controlfield>
		<controlfield tag="003">DLC</controlfield>
		<controlfield tag="005">20000918181030.0</controlfield>
		<controlfield tag="008">811119nc acannaabn          |a aaa |||  </controlfield>
		<datafield tag="010" ind1=" " ind2=" ">
			<subfield code="a">n  81090021 </subfield>
		</datafield>
		<datafield tag="035" ind1=" " ind2=" ">
			<subfield code="a">(OCoLC)oca00635225</subfield>
		</datafield>
		<datafield tag="040" ind1=" " ind2=" ">
			<subfield code="a">DLC</subfield>
			<subfield code="b">eng</subfield>
			<subfield code="c">DLC</subfield>
			<subfield code="d">OCoLC</subfield>
		</datafield>
		<datafield tag="100" ind1="1" ind2=" ">
			<subfield code="a">Li, Jiannong.</subfield>
		</datafield>
		<datafield tag="400" ind1="1" ind2=" ">
			<subfield code="w">nne</subfield>
			<subfield code="a">Li, Chien-nung</subfield>
		</datafield>
		<datafield tag="400" ind1="0" ind2=" ">
			<subfield code="a">Bansu</subfield>
		</datafield>
		<datafield tag="400" ind1="0" ind2=" ">
			<subfield code="a">Pan-su</subfield>
		</datafield>
		<datafield tag="670" ind1=" " ind2=" ">
			<subfield code="a">His The political history of China, 1956.</subfield>
		</datafield>
		<datafield tag="678" ind1=" " ind2=" ">
			<subfield code="a">Prof. in Wu-han ta hsüeh</subfield>
		</datafield>
	</record>