
	<record>
		<leader>00563cz   2200193n  4500</leader>
		<controlfield tag="001">n  81119743 </controlfield>
		<controlfield tag="003">DLC</controlfield>
		<controlfield tag="005">20000429064956.0</controlfield>
		<controlfield tag="008">811203n| acannaabn          |a aaa      </controlfield>
		<datafield tag="010" ind1=" " ind2=" ">
			<subfield code="a">n  81119743 </subfield>
		</datafield>
		<datafield tag="035" ind1=" " ind2=" ">
			<subfield code="a">(OCoLC)oca00664719</subfield>
		</datafield>
		<datafield tag="040" ind1=" " ind2=" ">
			<subfield code="a">DLC</subfield>
			<subfield code="b">eng</subfield>
			<subfield code="c">DLC</subfield>
			<subfield code="d">DLC</subfield>
			<subfield code="d">OCoLC</subfield>
		</datafield>
		<datafield tag="053" ind1=" " ind2=" ">
			<subfield code="a">PK6561.A38</subfield>
		</datafield>
		<datafield tag="100" ind1="1" ind2=" ">
			<subfield code="a">Āl Aħmad, Jalāl.</subfield>
		</datafield>
		<datafield tag="400" ind1="1" ind2=" ">
			<subfield code="a">Al-e Ahmad, Jalal</subfield>
		</datafield>
		<datafield tag="400" ind1="1" ind2=" ">
			<subfield code="a">Āl-i Aħmad, Jalāl</subfield>
		</datafield>
		<datafield tag="400" ind1="1" ind2=" ">
			<subfield code="a">Ahmad, Jalal Al-e</subfield>
		</datafield>
		<datafield tag="670" ind1=" " ind2=" ">
			<subfield code="a">His Zan-i ziyādī, 1963/64.</subfield>
		</datafield>
		<datafield tag="670" ind1=" " ind2=" ">
			<subfield code="a">His Iranian society, c1982:</subfield>
			<subfield code="b">t.p. (Jalal Al-e Ahmad) p. vii (b. 1923, d. 1969)</subfield>
		</datafield>
	</record>