
	<record>
		<leader>00485cz   2200133n  4500</leader>
		<controlfield tag="001">n  81150401 </controlfield>
		<controlfield tag="003">DLC</controlfield>
		<controlfield tag="005">20010726075248.0</controlfield>
		<controlfield tag="008">811229n| acannaabn          |n ana      </controlfield>
		<datafield tag="010" ind1=" " ind2=" ">
			<subfield code="a">n  81150401 </subfield>
		</datafield>
		<datafield tag="035" ind1=" " ind2=" ">
			<subfield code="a">(OCoLC)oca00695152</subfield>
		</datafield>
		<datafield tag="040" ind1=" " ind2=" ">
			<subfield code="a">DLC</subfield>
			<subfield code="b">eng</subfield>
			<subfield code="c">DLC</subfield>
			<subfield code="d">OCoLC</subfield>
		</datafield>
		<datafield tag="110" ind1="2" ind2=" ">
			<subfield code="a">Wang Laboratories, Inc.</subfield>
		</datafield>
		<datafield tag="670" ind1=" " ind2=" ">
			<subfield code="a">Wang's Integrated information strategy, 1980 (subj.)</subfield>
			<subfield code="b">text (Wang Laboratories, Inc.; manufacturers of word processors, etc.; founded 1951, inc. 1955; headquarters, Lowell, Mass.)</subfield>
		</datafield>
	</record>