
	<record>
		<leader>00967cz   2200169n  4500</leader>
		<controlfield tag="001">n  82007949 </controlfield>
		<controlfield tag="003">DLC</controlfield>
		<controlfield tag="005">20010310072217.0</controlfield>
		<controlfield tag="008">820128nc acannaabn          |a ana      </controlfield>
		<datafield tag="010" ind1=" " ind2=" ">
			<subfield code="a">n  82007949 </subfield>
		</datafield>
		<datafield tag="035" ind1=" " ind2=" ">
			<subfield code="a">(OCoLC)oca00705256</subfield>
		</datafield>
		<datafield tag="040" ind1=" " ind2=" ">
			<subfield code="a">DLC</subfield>
			<subfield code="b">eng</subfield>
			<subfield code="c">DLC</subfield>
			<subfield code="d">OCoLC</subfield>
		</datafield>
		<datafield tag="110" ind1="2" ind2=" ">
			<subfield code="a">Zhongguo gong chan dang.</subfield>
			<subfield code="b">Zhong yang wei yuan hui.</subfield>
			<subfield code="t">Zhong gong zhong yang guan yu zai nong cun jian li ren min gong she wen ti di jue yi.</subfield>
			<subfield code="l">Korean</subfield>
		</datafield>
		<datafield tag="410" ind1="2" ind2=" ">
			<subfield code="a">Zhongguo gong chan dang.</subfield>
			<subfield code="b">Zhong yang wei yuan hui.</subfield>
			<subfield code="t">Nongchʿon e issŏsŏ ŭi inmin kongsarŭl sŏllip hanŭn munje e taehan kyŏrŭi</subfield>
		</datafield>
		<datafield tag="410" ind1="2" ind2=" ">
			<subfield code="w">nnea</subfield>
			<subfield code="a">Chung-kuo kung chʿan tang.</subfield>
			<subfield code="b">Chung yang wei yüan hui.</subfield>
			<subfield code="t">Chung kung chung yang kuan yü tsai nung tsʿun chien li jen min kung she wen tʿi ti chüeh i.</subfield>
			<subfield code="l">Korean</subfield>
		</datafield>
		<datafield tag="670" ind1=" " ind2=" ">
			<subfield code="a">Chunggong ŭi inmin kongsa, 1975 (a.e.)</subfield>
		</datafield>
		<datafield tag="670" ind1=" " ind2=" ">
			<subfield code="a">Lun kung chʿan chu i kung she, 1968?:</subfield>
			<subfield code="b">leaf 2 of last group (Chung kung chung yang kuan yü tsai nung tsʿun chien li jen min kung she wen tʿi ti chüeh i)</subfield>
		</datafield>
	</record>