
	<record>
		<leader>01115cz   2200205n  4500</leader>
		<controlfield tag="001">n  82028214 </controlfield>
		<controlfield tag="003">DLC</controlfield>
		<controlfield tag="005">19890504154726.5</controlfield>
		<controlfield tag="008">820520n| acannaab|          |a ana |||  </controlfield>
		<datafield tag="010" ind1=" " ind2=" ">
			<subfield code="a">n  82028214 </subfield>
		</datafield>
		<datafield tag="040" ind1=" " ind2=" ">
			<subfield code="a">DLC</subfield>
			<subfield code="c">DLC</subfield>
			<subfield code="d">DLC</subfield>
		</datafield>
		<datafield tag="111" ind1="2" ind2="0">
			<subfield code="a">International Workshop on Nude Mice</subfield>
		</datafield>
		<datafield tag="411" ind1="2" ind2="0">
			<subfield code="a">Workshop on Nude Mice, International</subfield>
		</datafield>
		<datafield tag="411" ind1="2" ind2="0">
			<subfield code="a">Nude Mice, International Workshop on</subfield>
		</datafield>
		<datafield tag="411" ind1="2" ind2="0">
			<subfield code="a">Nude Mice Workshop</subfield>
		</datafield>
		<datafield tag="411" ind1="2" ind2="0">
			<subfield code="a">ICLAS International Workshop on Nude Mice</subfield>
		</datafield>
		<datafield tag="511" ind1="2" ind2="0">
			<subfield code="w">b</subfield>
			<subfield code="a">International Workshop on Immune-Deficient Animals in Experimental Research</subfield>
		</datafield>
		<datafield tag="670" ind1=" " ind2=" ">
			<subfield code="a">Its Proceedings of ... c1974.</subfield>
		</datafield>
		<datafield tag="670" ind1=" " ind2=" ">
			<subfield code="a">International Workshop on Immune-Deficient Animals in Experimental Research (4th : 1982 : Chexbres, Switzerland). Abstracts, 1982:</subfield>
			<subfield code="b">t.p. (4th International Workshop on Immune-Deficient Animals in Experimental Research (formerly International Workshop on Nude Mice), Chexbres (Lausanne), 10/31-11/3/82)</subfield>
		</datafield>
		<datafield tag="670" ind1=" " ind2=" ">
			<subfield code="a">NLM files, 4/28/89</subfield>
			<subfield code="b">(hdg.: International Workshop on Nude Mice; usage: International Workshop on Nude Mice; variants: Nude Mice Workshop, ICLAS International Workshop on Nude Mice)</subfield>
		</datafield>
	</record>