
	<record>
		<leader>00480cz   2200169n  4500</leader>
		<controlfield tag="001">n  82033052 </controlfield>
		<controlfield tag="003">DLC</controlfield>
		<controlfield tag="005">19880824073151.4</controlfield>
		<controlfield tag="008">820416n| acannaab|          |a ana |||  </controlfield>
		<datafield tag="010" ind1=" " ind2=" ">
			<subfield code="a">n  82033052 </subfield>
		</datafield>
		<datafield tag="040" ind1=" " ind2=" ">
			<subfield code="a">DLC</subfield>
			<subfield code="c">DLC</subfield>
			<subfield code="d">DLC</subfield>
		</datafield>
		<datafield tag="110" ind1="2" ind2="0">
			<subfield code="a">Marx Brothers.</subfield>
		</datafield>
		<datafield tag="500" ind1="1" ind2="0">
			<subfield code="a">Marx, Chico,</subfield>
			<subfield code="d">1887-1961</subfield>
		</datafield>
		<datafield tag="500" ind1="1" ind2="0">
			<subfield code="a">Marx, Groucho,</subfield>
			<subfield code="d">1891-1977</subfield>
		</datafield>
		<datafield tag="500" ind1="1" ind2="0">
			<subfield code="a">Marx, Harpo,</subfield>
			<subfield code="d">1888-1964</subfield>
		</datafield>
		<datafield tag="500" ind1="1" ind2="0">
			<subfield code="a">Marx, Zeppo,</subfield>
			<subfield code="d">1901-1979</subfield>
		</datafield>
		<datafield tag="670" ind1=" " ind2=" ">
			<subfield code="a">Adamson, J. Groucho, Harpo, Chico, and sometimes Zeppo, [1973]</subfield>
		</datafield>
	</record>