
	<record>
		<leader>00575nz   2200133n  4500</leader>
		<controlfield tag="001">n  82055422 </controlfield>
		<controlfield tag="003">DLC</controlfield>
		<controlfield tag="005">19840322000000.0</controlfield>
		<controlfield tag="008">820421n| acannaab|          |n ana |||  </controlfield>
		<datafield tag="010" ind1=" " ind2=" ">
			<subfield code="a">n  82055422 </subfield>
		</datafield>
		<datafield tag="040" ind1=" " ind2=" ">
			<subfield code="a">DLC</subfield>
			<subfield code="c">DLC</subfield>
		</datafield>
		<datafield tag="110" ind1="2" ind2="0">
			<subfield code="a">Université de Paris I: Panthéon-Sorbonne.</subfield>
			<subfield code="b">Centre d'études et de recherches sur les stratégies et les conflits.</subfield>
		</datafield>
		<datafield tag="670" ind1=" " ind2=" ">
			<subfield code="a">De la dégradation du droit des gens dans le monde contemporain, c1981 (a.e.)</subfield>
			<subfield code="b">t.p. (Centre d'études et de recherches sur les stratégies et les conflits, Université de Paris-Sorbonne)</subfield>
		</datafield>
		<datafield tag="675" ind1=" " ind2=" ">
			<subfield code="a">Bottin admin., 1980.</subfield>
		</datafield>
	</record>