
	<record>
		<leader>01111cz   2200181n  4500</leader>
		<controlfield tag="001">n  82056917 </controlfield>
		<controlfield tag="003">DLC</controlfield>
		<controlfield tag="005">19981014113507.8</controlfield>
		<controlfield tag="008">820521n| acannaab|          |a ana |||  </controlfield>
		<datafield tag="010" ind1=" " ind2=" ">
			<subfield code="a">n  82056917 </subfield>
			<subfield code="z">n  96074052 </subfield>
		</datafield>
		<datafield tag="040" ind1=" " ind2=" ">
			<subfield code="a">DLC</subfield>
			<subfield code="c">DLC</subfield>
			<subfield code="d">DLC</subfield>
		</datafield>
		<datafield tag="110" ind1="2" ind2="0">
			<subfield code="a">Beaux Arts Trio</subfield>
		</datafield>
		<datafield tag="410" ind1="2" ind2="0">
			<subfield code="a">Beaux Arts Trio of New York</subfield>
		</datafield>
		<datafield tag="670" ind1=" " ind2=" ">
			<subfield code="a">Fauré, G. U. Trio, in D minor, op. 120, 1957.</subfield>
		</datafield>
		<datafield tag="670" ind1=" " ind2=" ">
			<subfield code="a">American Grove</subfield>
			<subfield code="b">(Beaux Arts Trio; Menahem Pressler, piano; Bernard Greenhouse, violoncello; Daniel Guilet, violin, succeeded on his retirement in 1968 by Isidore Cohen)</subfield>
		</datafield>
		<datafield tag="670" ind1=" " ind2=" ">
			<subfield code="a">Brahms, J. Die Kammermusik [SR] 1980:</subfield>
			<subfield code="b">labels (Beaux Arts Trio: Menahem Pressler, Klavier; Isidore Cohen, Violine; Bernard Greenhouse, Violoncello)</subfield>
		</datafield>
		<datafield tag="670" ind1=" " ind2=" ">
			<subfield code="a">Library of Congress Music Division concert, 1974-11-29, 1974:</subfield>
			<subfield code="b">program notes (Beaux Arts Trio of New York; Isidore Cohen, violin; Bernard Greenhouse, violoncello; Menahem Pressler, piano)</subfield>
		</datafield>
		<datafield tag="670" ind1=" " ind2=" ">
			<subfield code="a">Library of Congress Music Division concert, 1998-04-09 and 1998-04-10 [SR] 1998</subfield>
			<subfield code="b">:program (Beaux Arts Trio; Menahem Pressler, piano, Ida Kavafian, violin, Peter Wiley, violoncello)</subfield>
		</datafield>
	</record>