
	<record>
		<leader>00473cz   2200145n  4500</leader>
		<controlfield tag="001">n  82082487 </controlfield>
		<controlfield tag="003">DLC</controlfield>
		<controlfield tag="005">19981120143834.0</controlfield>
		<controlfield tag="008">820722n| acannaab|          |a aaa |||  </controlfield>
		<datafield tag="010" ind1=" " ind2=" ">
			<subfield code="a">n  82082487 </subfield>
		</datafield>
		<datafield tag="040" ind1=" " ind2=" ">
			<subfield code="a">DLC</subfield>
			<subfield code="c">DLC</subfield>
			<subfield code="d">DLC</subfield>
		</datafield>
		<datafield tag="100" ind1="0" ind2="0">
			<subfield code="a">Phong Lê</subfield>
		</datafield>
		<datafield tag="400" ind1="1" ind2="0">
			<subfield code="a">Lê, Phong S½̀</subfield>
		</datafield>
		<datafield tag="670" ind1=" " ind2=" ">
			<subfield code="a">His Mã́ay vã́an đã̀e văn xuôi Viạ̃et Nam ... 1972.</subfield>
		</datafield>
		<datafield tag="670" ind1=" " ind2=" ">
			<subfield code="a">Nhà văn Viạ̃et Nam hiạ̃en đại, 1997:</subfield>
			<subfield code="b">p. 375 (Phong Lê, nhà lý luạ̃an phê bình; real name: Lê Phong S½̀; b. 1938)</subfield>
		</datafield>
	</record>