
	<record>
		<leader>00570nz   2200145n  4500</leader>
		<controlfield tag="001">n  82084741 </controlfield>
		<controlfield tag="003">DLC</controlfield>
		<controlfield tag="005">19840322000000.0</controlfield>
		<controlfield tag="008">820621n| acannaab|          |a ana |||  </controlfield>
		<datafield tag="010" ind1=" " ind2=" ">
			<subfield code="a">n  82084741 </subfield>
		</datafield>
		<datafield tag="040" ind1=" " ind2=" ">
			<subfield code="a">DLC</subfield>
			<subfield code="c">DLC</subfield>
		</datafield>
		<datafield tag="110" ind1="2" ind2="0">
			<subfield code="a">Pearls Before Swine (Musical group)</subfield>
			<subfield code="t">One nation underground</subfield>
		</datafield>
		<datafield tag="410" ind1="2" ind2="0">
			<subfield code="a">Pearls Before Swine (Musical group)</subfield>
			<subfield code="t">Best of</subfield>
		</datafield>
		<datafield tag="410" ind1="2" ind2="0">
			<subfield code="a">Pearls Before Swine (Musical group)</subfield>
			<subfield code="t">Best of Pearls Before Swine</subfield>
		</datafield>
		<datafield tag="670" ind1=" " ind2=" ">
			<subfield code="a">Its Best of [SR] c1980:</subfield>
			<subfield code="b">labels (Best of) container (The best of Pearls Before Swine; contains One nation underground and Balaklava)</subfield>
		</datafield>
	</record>