
	<record>
		<leader>00386nz   2200121n  4500</leader>
		<controlfield tag="001">n  82085138 </controlfield>
		<controlfield tag="003">DLC</controlfield>
		<controlfield tag="005">19840322000000.0</controlfield>
		<controlfield tag="008">820622n| acannaab|          |n ana |||  </controlfield>
		<datafield tag="010" ind1=" " ind2=" ">
			<subfield code="a">n  82085138 </subfield>
		</datafield>
		<datafield tag="040" ind1=" " ind2=" ">
			<subfield code="a">DLC</subfield>
			<subfield code="c">DLC</subfield>
		</datafield>
		<datafield tag="110" ind1="1" ind2="0">
			<subfield code="a">New Zealand.</subfield>
			<subfield code="b">Securities Commission.</subfield>
		</datafield>
		<datafield tag="670" ind1=" " ind2=" ">
			<subfield code="a">Its Proposals for the enactment of regulations under the Securities Act 1978, 1980:</subfield>
			<subfield code="b">t.p. (Securities Commission)</subfield>
		</datafield>
	</record>