
	<record>
		<leader>01595cz   2200337n  4500</leader>
		<controlfield tag="001">n  82097778 </controlfield>
		<controlfield tag="003">DLC</controlfield>
		<controlfield tag="005">20000506064700.0</controlfield>
		<controlfield tag="008">820924n| acannaabn          |a aaa      </controlfield>
		<datafield tag="010" ind1=" " ind2=" ">
			<subfield code="a">n  82097778 </subfield>
		</datafield>
		<datafield tag="035" ind1=" " ind2=" ">
			<subfield code="a">(OCoLC)oca00794359</subfield>
		</datafield>
		<datafield tag="040" ind1=" " ind2=" ">
			<subfield code="a">DLC</subfield>
			<subfield code="b">eng</subfield>
			<subfield code="c">DLC</subfield>
			<subfield code="d">DLC</subfield>
			<subfield code="d">NjP</subfield>
			<subfield code="d">DLC</subfield>
			<subfield code="d">OCoLC</subfield>
		</datafield>
		<datafield tag="100" ind1="0" ind2=" ">
			<subfield code="a">Ghazzālī,</subfield>
			<subfield code="d">1058-1111</subfield>
		</datafield>
		<datafield tag="400" ind1="0" ind2=" ">
			<subfield code="a">Ġazālī,</subfield>
			<subfield code="d">1058-1111</subfield>
		</datafield>
		<datafield tag="400" ind1="0" ind2=" ">
			<subfield code="a">Abū Ħāmid Muħammad ibn Muħammad ibn Aħmad al-Ghazzālī,</subfield>
			<subfield code="d">1058-1111</subfield>
		</datafield>
		<datafield tag="400" ind1="1" ind2=" ">
			<subfield code="a">Ghazzālī, Abū Ħāmid Muħammad ibn Muħammad ibn Aħmad,</subfield>
			<subfield code="d">1058-1111</subfield>
		</datafield>
		<datafield tag="400" ind1="0" ind2=" ">
			<subfield code="a">Ghasali,</subfield>
			<subfield code="d">1058-1111</subfield>
		</datafield>
		<datafield tag="400" ind1="0" ind2=" ">
			<subfield code="a">Algazali,</subfield>
			<subfield code="d">1058-1111</subfield>
		</datafield>
		<datafield tag="400" ind1="0" ind2=" ">
			<subfield code="a">Algazel,</subfield>
			<subfield code="d">1058-1111</subfield>
		</datafield>
		<datafield tag="400" ind1="0" ind2=" ">
			<subfield code="a">Ghazālī,</subfield>
			<subfield code="d">1058-1111</subfield>
		</datafield>
		<datafield tag="400" ind1="0" ind2=" ">
			<subfield code="a">Al-Ghazali,</subfield>
			<subfield code="d">1058-1111</subfield>
		</datafield>
		<datafield tag="400" ind1="0" ind2=" ">
			<subfield code="a">Houjjatoul-Islam,</subfield>
			<subfield code="d">1058-1111</subfield>
		</datafield>
		<datafield tag="400" ind1="1" ind2=" ">
			<subfield code="a">Toussi, Mohamed Mohamed,</subfield>
			<subfield code="d">1058-1111</subfield>
		</datafield>
		<datafield tag="400" ind1="1" ind2=" ">
			<subfield code="a">Al-Ghazali, Mohamed Mohamed,</subfield>
			<subfield code="d">1058-1111</subfield>
		</datafield>
		<datafield tag="400" ind1="0" ind2=" ">
			<subfield code="a">Ebu Hâmid Muhammed el-Gazâlî,</subfield>
			<subfield code="d">1058-1111</subfield>
		</datafield>
		<datafield tag="670" ind1=" " ind2=" ">
			<subfield code="a">His Le livre du licite et de l'illicite, 1981:</subfield>
			<subfield code="b">t.p. (Al-Ġazālī) p. i (Ġazālī; Algazel)</subfield>
		</datafield>
		<datafield tag="670" ind1=" " ind2=" ">
			<subfield code="a">His The recitation and interpretation of the Qurʾan, 1982:</subfield>
			<subfield code="b">t.p. (Al-Ghazālī)</subfield>
		</datafield>
		<datafield tag="670" ind1=" " ind2=" ">
			<subfield code="a">Koribaa, N. Restauration des sciences religieuses ...</subfield>
			<subfield code="b">t.p. (Al-Ghazali) p. 5 (Abou-Hamid Mohamed, fils de Mohamed, fils de Mohamed, fils d'Ahmed, Al-Ghazali al-Toussi (de Touss); Abou-Hamid, Houjjatoul-Islam)</subfield>
		</datafield>
		<datafield tag="670" ind1=" " ind2=" ">
			<subfield code="a">Ebu Hâmid Muhammed el-Gazâlî, 1988.</subfield>
		</datafield>
		<datafield tag="670" ind1=" " ind2=" ">
			<subfield code="a">Sarkis</subfield>
			<subfield code="b">col. 1408f(Abū Ħāmid Muħammad ibn Muħammad ibn Aħmad al-Ghazzālī or Ghazālī)</subfield>
		</datafield>
		<datafield tag="670" ind1=" " ind2=" ">
			<subfield code="a">Wesbster's international dic., 2nd ed.</subfield>
			<subfield code="b">(Ghazzali or Ghazali)</subfield>
		</datafield>
	</record>