
	<record>
		<leader>00412cz   2200145n  4500</leader>
		<controlfield tag="001">n  82104158 </controlfield>
		<controlfield tag="003">DLC</controlfield>
		<controlfield tag="005">19871009160700.0</controlfield>
		<controlfield tag="008">821110n| acannaab|          |n aaa |||  </controlfield>
		<datafield tag="010" ind1=" " ind2=" ">
			<subfield code="a">n  82104158 </subfield>
		</datafield>
		<datafield tag="040" ind1=" " ind2=" ">
			<subfield code="a">DLC</subfield>
			<subfield code="c">DLC</subfield>
			<subfield code="d">DLC</subfield>
		</datafield>
		<datafield tag="053" ind1=" " ind2=" ">
			<subfield code="a">PS3525.U6535</subfield>
		</datafield>
		<datafield tag="100" ind1="1" ind2="0">
			<subfield code="a">Murdoch, Royal,</subfield>
			<subfield code="d">1898-</subfield>
		</datafield>
		<datafield tag="670" ind1=" " ind2=" ">
			<subfield code="a">His Gargantua's mouth, 1947.</subfield>
		</datafield>
		<datafield tag="670" ind1=" " ind2=" ">
			<subfield code="a">His The disrobing, c1982:</subfield>
			<subfield code="b">CIP t.p. (Royal Murdoch) data sheet (1898-1981)</subfield>
		</datafield>
	</record>