
	<record>
		<leader>01044cz   2200181n  4500</leader>
		<controlfield tag="001">n  82107829 </controlfield>
		<controlfield tag="003">DLC</controlfield>
		<controlfield tag="005">20000825132213.0</controlfield>
		<controlfield tag="008">820817n| acannaab           |a ana     c</controlfield>
		<datafield tag="010" ind1=" " ind2=" ">
			<subfield code="a">n  82107829 </subfield>
		</datafield>
		<datafield tag="040" ind1=" " ind2=" ">
			<subfield code="a">MH</subfield>
			<subfield code="c">DLC</subfield>
		</datafield>
		<datafield tag="110" ind1="2" ind2="0">
			<subfield code="a">Harvard College Library.</subfield>
		</datafield>
		<datafield tag="410" ind1="2" ind2="0">
			<subfield code="a">Harvard Library</subfield>
		</datafield>
		<datafield tag="410" ind1="2" ind2="0">
			<subfield code="a">Harvard University.</subfield>
			<subfield code="b">Faculty of Arts and Sciences.</subfield>
			<subfield code="b">Library</subfield>
		</datafield>
		<datafield tag="410" ind1="2" ind2="0">
			<subfield code="a">Harvard University.</subfield>
			<subfield code="b">College Library</subfield>
		</datafield>
		<datafield tag="670" ind1=" " ind2=" ">
			<subfield code="a">Harvard Judaica, No. 1, 1980 (subdiv.)</subfield>
			<subfield code="b">t.p. (Harvard College Library)</subfield>
		</datafield>
		<datafield tag="670" ind1=" " ind2=" ">
			<subfield code="a">Harvard University. Library. Annual report for the year 1980-1981:</subfield>
			<subfield code="b">p. 36 (Library of the Faculty of Arts &amp; Sciences (Harvard College Library); comprises central collections, housed in some 11 units, e.g., Tozzer Memorial Library; various House libraries; and departmental and divisional libraries; but does not include affiliated special, office &amp; research libraries or the libraries of other faculties)</subfield>
		</datafield>
		<datafield tag="670" ind1=" " ind2=" ">
			<subfield code="a">Harvard College Library. Dept. of Printing and Graphic Arts. A visit to Rome in 1764, 1956:</subfield>
			<subfield code="b">p. 4 (Harvard Library)</subfield>
		</datafield>
	</record>