
	<record>
		<leader>00888cz   2200217n  4500</leader>
		<controlfield tag="001">n  82127212 </controlfield>
		<controlfield tag="003">DLC</controlfield>
		<controlfield tag="005">20010728075014.0</controlfield>
		<controlfield tag="008">830412n| acannaabn          |a ana      </controlfield>
		<datafield tag="010" ind1=" " ind2=" ">
			<subfield code="a">n  82127212 </subfield>
		</datafield>
		<datafield tag="035" ind1=" " ind2=" ">
			<subfield code="a">(OCoLC)oca00823515</subfield>
		</datafield>
		<datafield tag="040" ind1=" " ind2=" ">
			<subfield code="a">DLC</subfield>
			<subfield code="b">eng</subfield>
			<subfield code="c">DLC</subfield>
			<subfield code="d">OCoLC</subfield>
		</datafield>
		<datafield tag="110" ind1="2" ind2=" ">
			<subfield code="a">Śrī Kāmākṣi Tēvi Ālayam (Conjeeveram, India)</subfield>
		</datafield>
		<datafield tag="410" ind1="1" ind2=" ">
			<subfield code="w">nnaa</subfield>
			<subfield code="a">Conjeeveram, India.</subfield>
			<subfield code="b">Sri Kamakshiamman Temple</subfield>
		</datafield>
		<datafield tag="410" ind1="1" ind2=" ">
			<subfield code="a">Conjeeveram (India).</subfield>
			<subfield code="b">Śrī Kāmākṣi Tēvi Ālayam</subfield>
		</datafield>
		<datafield tag="410" ind1="2" ind2=" ">
			<subfield code="a">Sri Kamakshiamman Temple (Conjeeveram, India)</subfield>
		</datafield>
		<datafield tag="410" ind1="1" ind2=" ">
			<subfield code="a">Conjeeveram (India).</subfield>
			<subfield code="b">Sri Kamakshiamman Temple</subfield>
		</datafield>
		<datafield tag="410" ind1="2" ind2=" ">
			<subfield code="a">Kacci Kāmakōṭṭam (Conjeeveram, India)</subfield>
		</datafield>
		<datafield tag="410" ind1="2" ind2=" ">
			<subfield code="a">Sri Kanchi Kamakshi Amman Temple</subfield>
		</datafield>
		<datafield tag="670" ind1=" " ind2=" ">
			<subfield code="a">Kacci Kāmakōṭṭamum paṇṭaiya ilakkiyaṅkaḷum, 1968.</subfield>
		</datafield>
		<datafield tag="670" ind1=" " ind2=" ">
			<subfield code="a">Kāmakōṭi Cāstiri. Śrī Kāmākṣi Ampāḷ stala varalāṟu, 1979:</subfield>
			<subfield code="b">p. 3. (Śrī Kāmākṣi Tēvi Ālayam)</subfield>
		</datafield>
	</record>