
	<record>
		<leader>00752cz   2200145n  4500</leader>
		<controlfield tag="001">n  82128388 </controlfield>
		<controlfield tag="003">DLC</controlfield>
		<controlfield tag="005">19890405081500.9</controlfield>
		<controlfield tag="008">820923n| acannaab|          |a ana ||| c</controlfield>
		<datafield tag="010" ind1=" " ind2=" ">
			<subfield code="a">n  82128388 </subfield>
		</datafield>
		<datafield tag="040" ind1=" " ind2=" ">
			<subfield code="a">DGPO</subfield>
			<subfield code="c">DLC</subfield>
			<subfield code="d">DLC</subfield>
		</datafield>
		<datafield tag="110" ind1="2" ind2="0">
			<subfield code="a">Jāmiʿat al-Malik ʿAbd al-ʿAzīz (Makkah campus)</subfield>
		</datafield>
		<datafield tag="510" ind1="2" ind2="0">
			<subfield code="w">b</subfield>
			<subfield code="a">Jāmiʿat Umm al-Qurá</subfield>
		</datafield>
		<datafield tag="670" ind1=" " ind2=" ">
			<subfield code="a">Gujral, P.S. An evaluation of thermal energy ... 1982 (a.e.)</subfield>
			<subfield code="b">t.p. (King Abdul Aziz University, Makkah Campus, Saudi Arabia)</subfield>
		</datafield>
		<datafield tag="670" ind1=" " ind2=" ">
			<subfield code="a">Ahmad, Z. A catalouge [sic] of abstracts and indices of university theses, 1980-1982:</subfield>
			<subfield code="b">v. 1, t.p. (al-Mamlakah al-ʿArabīyah al-Saʿūdīyah, Jāmiʿat al-Malik ʿAbd al-ʿAzīz, Makkah al-Mukarramah) v. 2, p. vii, etc. (changed name to Umm al-Qura University; Jāmiʿat Umm al-Qurá)</subfield>
		</datafield>
	</record>