
	<record>
		<leader>00933nz   2200217n  4500</leader>
		<controlfield tag="001">n  82130701 </controlfield>
		<controlfield tag="003">DLC</controlfield>
		<controlfield tag="005">19840322000000.0</controlfield>
		<controlfield tag="008">821204n| acannaab|          |a aaa |||  </controlfield>
		<datafield tag="010" ind1=" " ind2=" ">
			<subfield code="a">n  82130701 </subfield>
		</datafield>
		<datafield tag="040" ind1=" " ind2=" ">
			<subfield code="a">DLC</subfield>
			<subfield code="c">DLC</subfield>
		</datafield>
		<datafield tag="100" ind1="1" ind2="0">
			<subfield code="a">Nation, Carry Amelia,</subfield>
			<subfield code="d">1846-1911.</subfield>
		</datafield>
		<datafield tag="400" ind1="1" ind2="0">
			<subfield code="a">Nation, Carry A.</subfield>
			<subfield code="q">(Carry Amelia),</subfield>
			<subfield code="d">1846-1911</subfield>
		</datafield>
		<datafield tag="400" ind1="1" ind2="0">
			<subfield code="a">Moore, Carry Amelia,</subfield>
			<subfield code="d">1846-1911</subfield>
		</datafield>
		<datafield tag="400" ind1="1" ind2="0">
			<subfield code="a">Gloyd, Carry Amelia,</subfield>
			<subfield code="d">1846-1911</subfield>
		</datafield>
		<datafield tag="400" ind1="1" ind2="0">
			<subfield code="a">Nation, Carry,</subfield>
			<subfield code="d">1846-1911</subfield>
		</datafield>
		<datafield tag="400" ind1="1" ind2="0">
			<subfield code="a">Nation, Carrie Amelia,</subfield>
			<subfield code="d">1846-1911</subfield>
		</datafield>
		<datafield tag="400" ind1="1" ind2="0">
			<subfield code="w">nna</subfield>
			<subfield code="a">Nation, Carry Amelia Moore,</subfield>
			<subfield code="d">1846-1911</subfield>
		</datafield>
		<datafield tag="670" ind1=" " ind2=" ">
			<subfield code="a">Her The use and need of the life of Carry A. Nation, 1904:</subfield>
			<subfield code="b">t.p. (Carry A. Nation)</subfield>
		</datafield>
		<datafield tag="670" ind1=" " ind2=" ">
			<subfield code="a">Webster's biogr. dict., c1980</subfield>
			<subfield code="b">(Nation, Carry Amelia; nee Moore, name often erroneously spelled Carrie; b. 1846, in Ky., d. 1911; married Charles Gloyd, 1867, later divorced and married David Nation, 1877)</subfield>
		</datafield>
		<datafield tag="670" ind1=" " ind2=" ">
			<subfield code="a">Encyc. Americana</subfield>
			<subfield code="b">(Nation, Carry)</subfield>
		</datafield>
	</record>