
	<record>
		<leader>00489nz   2200133n  4500</leader>
		<controlfield tag="001">n  82136155 </controlfield>
		<controlfield tag="003">DLC</controlfield>
		<controlfield tag="005">19840322000000.0</controlfield>
		<controlfield tag="008">821006n| acannaab|          |a ana |||  </controlfield>
		<datafield tag="010" ind1=" " ind2=" ">
			<subfield code="a">n  82136155 </subfield>
		</datafield>
		<datafield tag="040" ind1=" " ind2=" ">
			<subfield code="a">DLC</subfield>
			<subfield code="c">DLC</subfield>
		</datafield>
		<datafield tag="110" ind1="2" ind2="0">
			<subfield code="a">Jamʿīyat al-Dirāsāt al-ʿArabīyah (Jerusalem)</subfield>
		</datafield>
		<datafield tag="410" ind1="2" ind2="0">
			<subfield code="a">Arab Studies Society (Jerusalem)</subfield>
		</datafield>
		<datafield tag="670" ind1=" " ind2=" ">
			<subfield code="a">Taqārīr wa-arqām iħṣāʾīyah ... 1981 (a.e.)</subfield>
			<subfield code="b">t.p. (Jamʿīyat al-Dirāsāt al-ʿArabīyah) p. 4 of cover (Arab Studies Society; est. 1980 in Jerusalem)</subfield>
		</datafield>
	</record>