
	<record>
		<leader>00565nz   2200145n  4500</leader>
		<controlfield tag="001">n  82202757 </controlfield>
		<controlfield tag="003">DLC</controlfield>
		<controlfield tag="005">19840322000000.0</controlfield>
		<controlfield tag="008">830729n| acannaab|          |a ana ||| c</controlfield>
		<datafield tag="010" ind1=" " ind2=" ">
			<subfield code="a">n  82202757 </subfield>
		</datafield>
		<datafield tag="040" ind1=" " ind2=" ">
			<subfield code="a">ICU</subfield>
			<subfield code="c">DLC</subfield>
		</datafield>
		<datafield tag="111" ind1="2" ind2="0">
			<subfield code="a">Summer Workshop on Proton Decay Experiments</subfield>
			<subfield code="d">(1982 :</subfield>
			<subfield code="c">Argonne National Laboratory)</subfield>
		</datafield>
		<datafield tag="411" ind1="2" ind2="0">
			<subfield code="a">Workshop on Proton Decay Experiments, Summer</subfield>
		</datafield>
		<datafield tag="411" ind1="2" ind2="0">
			<subfield code="a">Proton Decay Experiments, Summer Workshop on</subfield>
		</datafield>
		<datafield tag="670" ind1=" " ind2=" ">
			<subfield code="a">Its Proceedings ... 1982:</subfield>
			<subfield code="b">t.p. (1982 Summer Workshop on Proton Decay Experiments, 6/7-6/11/82, Argonne National Laboratory)</subfield>
		</datafield>
	</record>