
	<record>
		<leader>00500nz   2200145n  4500</leader>
		<controlfield tag="001">n  82230142 </controlfield>
		<controlfield tag="003">DLC</controlfield>
		<controlfield tag="005">19840322000000.0</controlfield>
		<controlfield tag="008">831221n| acannaab|          |n ana |||  </controlfield>
		<datafield tag="010" ind1=" " ind2=" ">
			<subfield code="a">n  82230142 </subfield>
		</datafield>
		<datafield tag="040" ind1=" " ind2=" ">
			<subfield code="a">DLC</subfield>
			<subfield code="c">DLC</subfield>
		</datafield>
		<datafield tag="151" ind1=" " ind2="0">
			<subfield code="a">Săliște (Romania)</subfield>
		</datafield>
		<datafield tag="670" ind1=" " ind2=" ">
			<subfield code="a">Moga, D.T. Vacanțe la Săliște, 1982:</subfield>
			<subfield code="b">t.p. (Săliște)</subfield>
		</datafield>
		<datafield tag="670" ind1=" " ind2=" ">
			<subfield code="a">BGN 12-15-83</subfield>
			<subfield code="b">(Săliște, ppl. 45₀47ʹN-23₀53ʹE; no variants)</subfield>
		</datafield>
		<datafield tag="670" ind1=" " ind2=" ">
			<subfield code="a">Județele României socialiste, 1969:</subfield>
			<subfield code="b">p. 458 under județul Sibiu (comuna Săliște)</subfield>
		</datafield>
	</record>