
	<record>
		<leader>00319nz   2200133n  4500</leader>
		<controlfield tag="001">n  82238069 </controlfield>
		<controlfield tag="003">DLC</controlfield>
		<controlfield tag="005">19840405100600.5</controlfield>
		<controlfield tag="008">840315n| acannaab|          |a aaa |||  </controlfield>
		<datafield tag="010" ind1=" " ind2=" ">
			<subfield code="a">n  82238069 </subfield>
		</datafield>
		<datafield tag="040" ind1=" " ind2=" ">
			<subfield code="a">DLC</subfield>
			<subfield code="c">DLC</subfield>
		</datafield>
		<datafield tag="100" ind1="1" ind2="0">
			<subfield code="a">Fresh,</subfield>
			<subfield code="c">Mr.</subfield>
		</datafield>
		<datafield tag="400" ind1="0" ind2="0">
			<subfield code="a">Mr. Fresh</subfield>
		</datafield>
		<datafield tag="670" ind1=" " ind2=" ">
			<subfield code="a">His Breakdancing, 1984:</subfield>
			<subfield code="b">CIP t.p. (Mr. Fresh)</subfield>
		</datafield>
	</record>