
	<record>
		<leader>00380cz   2200145n  4500</leader>
		<controlfield tag="001">n  83000007 </controlfield>
		<controlfield tag="003">DLC</controlfield>
		<controlfield tag="005">20010728075337.0</controlfield>
		<controlfield tag="008">830513n| acannaabn          |a ana      </controlfield>
		<datafield tag="010" ind1=" " ind2=" ">
			<subfield code="a">n  83000007 </subfield>
		</datafield>
		<datafield tag="035" ind1=" " ind2=" ">
			<subfield code="a">(OCoLC)oca00897043</subfield>
		</datafield>
		<datafield tag="040" ind1=" " ind2=" ">
			<subfield code="a">DLC</subfield>
			<subfield code="b">eng</subfield>
			<subfield code="c">DLC</subfield>
			<subfield code="d">OCoLC</subfield>
		</datafield>
		<datafield tag="110" ind1="2" ind2=" ">
			<subfield code="a">Byōdōin (Uji-shi, Japan)</subfield>
		</datafield>
		<datafield tag="410" ind1="2" ind2=" ">
			<subfield code="w">nna</subfield>
			<subfield code="a">Byōdōin, Uji, Japan</subfield>
		</datafield>
		<datafield tag="410" ind1="1" ind2=" ">
			<subfield code="a">Uji-shi (Japan).</subfield>
			<subfield code="b">Byōdōin</subfield>
		</datafield>
	</record>