
	<record>
		<leader>00406cz   2200145n  4500</leader>
		<controlfield tag="001">n  83002488 </controlfield>
		<controlfield tag="003">DLC</controlfield>
		<controlfield tag="005">19890221143503.1</controlfield>
		<controlfield tag="008">831125n| acannaab|          |a aaa |||  </controlfield>
		<datafield tag="010" ind1=" " ind2=" ">
			<subfield code="a">n  83002488 </subfield>
		</datafield>
		<datafield tag="040" ind1=" " ind2=" ">
			<subfield code="a">DLC</subfield>
			<subfield code="c">DLC</subfield>
			<subfield code="d">DLC</subfield>
		</datafield>
		<datafield tag="100" ind1="1" ind2="0">
			<subfield code="a">Grikēr</subfield>
		</datafield>
		<datafield tag="400" ind1="1" ind2="0">
			<subfield code="a">Krigēr</subfield>
		</datafield>
		<datafield tag="400" ind1="1" ind2="0">
			<subfield code="a">Krieger</subfield>
		</datafield>
		<datafield tag="670" ind1=" " ind2=" ">
			<subfield code="a">His Yozghati hayaspanutʿean vaweragrakan patmutʿiwně, 1980:</subfield>
			<subfield code="b">t.p. (Grikēr) added t.p. verso (copr. Krieger)</subfield>
		</datafield>
	</record>