
	<record>
		<leader>00480nz   2200133n  4500</leader>
		<controlfield tag="001">n  83005548 </controlfield>
		<controlfield tag="003">DLC</controlfield>
		<controlfield tag="005">19840322000000.0</controlfield>
		<controlfield tag="008">830425n| acannaab|          |a aaa |||  </controlfield>
		<datafield tag="010" ind1=" " ind2=" ">
			<subfield code="a">n  83005548 </subfield>
		</datafield>
		<datafield tag="040" ind1=" " ind2=" ">
			<subfield code="a">DLC</subfield>
			<subfield code="c">DLC</subfield>
		</datafield>
		<datafield tag="100" ind1="1" ind2="0">
			<subfield code="a">Budge, E. A. Wallis</subfield>
			<subfield code="q">(Ernest Alfred Wallis),</subfield>
			<subfield code="c">Sir,</subfield>
			<subfield code="d">1857-1934.</subfield>
			<subfield code="t">Easy lessons in Egyptian hieroglyphics with sign list</subfield>
		</datafield>
		<datafield tag="400" ind1="1" ind2="0">
			<subfield code="a">Budge, E. A. Wallis</subfield>
			<subfield code="q">(Ernest Alfred Wallis),</subfield>
			<subfield code="c">Sir,</subfield>
			<subfield code="d">1857-1934.</subfield>
			<subfield code="t">Egyptian language</subfield>
		</datafield>
		<datafield tag="670" ind1=" " ind2=" ">
			<subfield code="a">His Egyptian language, 1983.</subfield>
		</datafield>
	</record>