
	<record>
		<leader>00494dz   2200145n  4500</leader>
		<controlfield tag="001">n  83023111 </controlfield>
		<controlfield tag="003">DLC</controlfield>
		<controlfield tag="005">19930506142649.2</controlfield>
		<controlfield tag="008">831006n| acannaab|          |n ana |||  </controlfield>
		<datafield tag="010" ind1=" " ind2=" ">
			<subfield code="a">n  83023111 </subfield>
		</datafield>
		<datafield tag="040" ind1=" " ind2=" ">
			<subfield code="a">DLC</subfield>
			<subfield code="c">DLC</subfield>
		</datafield>
		<datafield tag="130" ind1=" " ind2="0">
			<subfield code="a">Dallas morning news (1885)</subfield>
		</datafield>
		<datafield tag="670" ind1=" " ind2=" ">
			<subfield code="a">Darden, R. F. Drawing power, c1983:</subfield>
			<subfield code="b">t.p. (Dallas morning news)</subfield>
		</datafield>
		<datafield tag="670" ind1=" " ind2=" ">
			<subfield code="a">LC data base, 9/7/83</subfield>
			<subfield code="b">(hdg.: Dallas morning news)</subfield>
		</datafield>
		<datafield tag="670" ind1=" " ind2=" ">
			<subfield code="a">Gregory's Am. newspapers, 1821-1936:</subfield>
			<subfield code="b">p. 669 (Dallas morning news, est. Oct. 1, 1885)</subfield>
		</datafield>
	</record>