
	<record>
		<leader>01070cz   2200217n  4500</leader>
		<controlfield tag="001">n  83029120 </controlfield>
		<controlfield tag="003">DLC</controlfield>
		<controlfield tag="005">19950510055729.9</controlfield>
		<controlfield tag="008">830727n| acannaab|          |a ana      </controlfield>
		<datafield tag="010" ind1=" " ind2=" ">
			<subfield code="a">n  83029120 </subfield>
		</datafield>
		<datafield tag="040" ind1=" " ind2=" ">
			<subfield code="a">DLC</subfield>
			<subfield code="c">DLC</subfield>
			<subfield code="d">DLC</subfield>
			<subfield code="d">NNC</subfield>
		</datafield>
		<datafield tag="110" ind1="2" ind2="0">
			<subfield code="a">Societatea de Științe Filologice din Republica Socialistă România</subfield>
		</datafield>
		<datafield tag="410" ind1="2" ind2="0">
			<subfield code="a">Society of Philological Sciences of the S.R.R.</subfield>
		</datafield>
		<datafield tag="410" ind1="2" ind2="0">
			<subfield code="a">Society of Philological Sciences of the SRR</subfield>
		</datafield>
		<datafield tag="410" ind1="2" ind2="0">
			<subfield code="a">Societatea de Științe Filologice (Romania)</subfield>
		</datafield>
		<datafield tag="410" ind1="2" ind2="0">
			<subfield code="a">Societatea de Științe Filologice din R.S. România</subfield>
		</datafield>
		<datafield tag="510" ind1="2" ind2="0">
			<subfield code="w">a</subfield>
			<subfield code="a">Societatea de Științe Istorice și Filologice din Republica Socialistă România</subfield>
		</datafield>
		<datafield tag="510" ind1="2" ind2="0">
			<subfield code="w">b</subfield>
			<subfield code="a">Societatea de Științe Filologice din România</subfield>
		</datafield>
		<datafield tag="670" ind1=" " ind2=" ">
			<subfield code="a">Its Studii de literatură universală, 1969-1970.</subfield>
		</datafield>
		<datafield tag="670" ind1=" " ind2=" ">
			<subfield code="a">Limba și literatura română, Oct.-Dec. 1985:</subfield>
			<subfield code="b">t.p. (Societatea de Științe Filologice) cover p. 3 (Societatea de Științe Filologice din R.S. România)</subfield>
		</datafield>
		<datafield tag="675" ind1=" " ind2=" ">
			<subfield code="a">Limbă și literatură, 1993, vol. 1-2: t.p. (Societatea de Științe Filologice din România)</subfield>
		</datafield>
	</record>