
	<record>
		<leader>01164nz   2200205n  4500</leader>
		<controlfield tag="001">n  83029122 </controlfield>
		<controlfield tag="003">DLC</controlfield>
		<controlfield tag="005">19840322000000.0</controlfield>
		<controlfield tag="008">830727n| acannaab|          |a ana |||  </controlfield>
		<datafield tag="010" ind1=" " ind2=" ">
			<subfield code="a">n  83029122 </subfield>
		</datafield>
		<datafield tag="040" ind1=" " ind2=" ">
			<subfield code="a">DLC</subfield>
			<subfield code="c">DLC</subfield>
		</datafield>
		<datafield tag="110" ind1="2" ind2="0">
			<subfield code="a">Asociația de Studii Orientale din R.S. România.</subfield>
		</datafield>
		<datafield tag="410" ind1="2" ind2="0">
			<subfield code="w">nna</subfield>
			<subfield code="a">Asociația de Studii Orientale din Republica Socialistă România</subfield>
		</datafield>
		<datafield tag="410" ind1="2" ind2="0">
			<subfield code="a">Romanian Association for Oriental Studies</subfield>
		</datafield>
		<datafield tag="410" ind1="2" ind2="0">
			<subfield code="a">Association roumaine d'études orientales</subfield>
		</datafield>
		<datafield tag="410" ind1="2" ind2="0">
			<subfield code="a">Association d'études orientales de la République socialiste de Roumanie</subfield>
		</datafield>
		<datafield tag="410" ind1="2" ind2="0">
			<subfield code="a">Asociația de Studii Orientale din RS România</subfield>
		</datafield>
		<datafield tag="510" ind1="2" ind2="0">
			<subfield code="w">a</subfield>
			<subfield code="a">Societatea de Științe Istorice și Filologice din R.P.R.</subfield>
			<subfield code="b">Section d'études orientales</subfield>
		</datafield>
		<datafield tag="670" ind1=" " ind2=" ">
			<subfield code="a">Its Studies and documents.</subfield>
		</datafield>
		<datafield tag="670" ind1=" " ind2=" ">
			<subfield code="a">Studia et acta orientalia, 1, 1957, surrogate:</subfield>
			<subfield code="b">t.p. (Société des sciences historiques et philologiques de la R.P.R., Section d'études orientales); 9, 1977, surrogate: t.p. (Association roumaine d'études orientales) t.p. verso (Asociatia de Studii orientale din R.S. România); OCLC #4995907 (Association d'études orientales de la République socialiste de Roumanie)</subfield>
		</datafield>
	</record>