
	<record>
		<leader>00459nz   2200145n  4500</leader>
		<controlfield tag="001">n  83035326 </controlfield>
		<controlfield tag="003">DLC</controlfield>
		<controlfield tag="005">19840322000000.0</controlfield>
		<controlfield tag="008">830420n| acannaab|          |a aaa |||  </controlfield>
		<datafield tag="010" ind1=" " ind2=" ">
			<subfield code="a">n  83035326 </subfield>
		</datafield>
		<datafield tag="040" ind1=" " ind2=" ">
			<subfield code="a">DLC</subfield>
			<subfield code="c">DLC</subfield>
		</datafield>
		<datafield tag="100" ind1="0" ind2="0">
			<subfield code="a">Andreas,</subfield>
			<subfield code="c">Monachos.</subfield>
			<subfield code="t">Propyrgion Orthodoxias kai ethnous.</subfield>
			<subfield code="l">English</subfield>
		</datafield>
		<datafield tag="400" ind1="0" ind2="0">
			<subfield code="a">Andreas,</subfield>
			<subfield code="c">Monachos.</subfield>
			<subfield code="t">Holy Mountain</subfield>
		</datafield>
		<datafield tag="400" ind1="0" ind2="0">
			<subfield code="a">Andreas,</subfield>
			<subfield code="c">Monachos.</subfield>
			<subfield code="t">Bulwark of Orthodoxy and of the Greek nation</subfield>
		</datafield>
		<datafield tag="670" ind1=" " ind2=" ">
			<subfield code="a">His Holy Mountain, 1969?</subfield>
		</datafield>
	</record>