
	<record>
		<leader>01588cz   2200205n  4500</leader>
		<controlfield tag="001">n  83036730 </controlfield>
		<controlfield tag="003">DLC</controlfield>
		<controlfield tag="005">19920721055544.4</controlfield>
		<controlfield tag="008">830608n| acannaab|          |a ana      </controlfield>
		<datafield tag="010" ind1=" " ind2=" ">
			<subfield code="a">n  83036730 </subfield>
		</datafield>
		<datafield tag="040" ind1=" " ind2=" ">
			<subfield code="a">DLC</subfield>
			<subfield code="c">DLC</subfield>
			<subfield code="d">DLC</subfield>
			<subfield code="d">NjP</subfield>
		</datafield>
		<datafield tag="110" ind1="2" ind2="0">
			<subfield code="a">Institutul de Studii Sud-Est Europene (Academia de Științe Sociale și Politice a Republicii Socialiste România)</subfield>
		</datafield>
		<datafield tag="410" ind1="2" ind2="0">
			<subfield code="a">Academia de Științe Sociale și Politice a Republicii Socialiste România.</subfield>
			<subfield code="b">Institutul de Studii Sud-Est Europene</subfield>
		</datafield>
		<datafield tag="410" ind1="2" ind2="0">
			<subfield code="a">Institute  for South-East European Studies (Academie de Științe Sociale și Politice a Republicii Socialiste România)</subfield>
		</datafield>
		<datafield tag="510" ind1="2" ind2="0">
			<subfield code="w">b</subfield>
			<subfield code="a">Institutul de Studii Sud-Est Europene (Academia Română)</subfield>
		</datafield>
		<datafield tag="667" ind1=" " ind2=" ">
			<subfield code="a">Old catalog headings: Academie de Ștințe Sociale și Politice a Republicii Socialiste România. Institutul de Studii Sud-Est Europene; Institutul de Studii Sud-Est Europene (Founded 1963)</subfield>
		</datafield>
		<datafield tag="670" ind1=" " ind2=" ">
			<subfield code="a">Izvoarele istoriei României, 1970?- (a.e.)</subfield>
			<subfield code="b">v. 3, t.p. (Academia de Științe Sociale și Politice, Institutul de Studii Sud-Est Europene)</subfield>
		</datafield>
		<datafield tag="670" ind1=" " ind2=" ">
			<subfield code="a">LC data base, 6-2-83</subfield>
			<subfield code="b">(hdg.: Academia de Științe Sociale și Politice a Republicii Socialiste România. Institutul de Studii Sud-Est Europene; Institutul de Studii Sud-Est Europene (Founded 1963))</subfield>
		</datafield>
		<datafield tag="670" ind1=" " ind2=" ">
			<subfield code="a">World of learning, 1984-85</subfield>
			<subfield code="b">(Academie de Ștințe Sociale și Politice, Institutul de Studii Sud-Est Europene (Institute for South-East European Studies); Bucharest; founded 1963)</subfield>
		</datafield>
		<datafield tag="675" ind1=" " ind2=" ">
			<subfield code="a">World of learning, 1992 (Academia Română, Institutul de Studii Sud-Est Europene; Bucharest; founded 1963)</subfield>
		</datafield>
	</record>