
	<record>
		<leader>01272nz   2200157n  4500</leader>
		<controlfield tag="001">n  83059573 </controlfield>
		<controlfield tag="003">DLC</controlfield>
		<controlfield tag="005">19840322000000.0</controlfield>
		<controlfield tag="008">830603n| acannaab|          |a anc |||  </controlfield>
		<datafield tag="010" ind1=" " ind2=" ">
			<subfield code="a">n  83059573 </subfield>
		</datafield>
		<datafield tag="040" ind1=" " ind2=" ">
			<subfield code="a">DLC</subfield>
			<subfield code="c">DLC</subfield>
		</datafield>
		<datafield tag="111" ind1="2" ind2="0">
			<subfield code="a">Mezhdunarodnai︠a︡ nauchnai︠a︡ konferent︠s︡ii︠a︡ I︠U︡NESKO "Sovremennye slavi︠a︡nskie kulʹtury--razvitie, vzaimodeĭstvie, mezhdunarodnyĭ kontekst"</subfield>
			<subfield code="d">(1979 :</subfield>
			<subfield code="c">Kiev, Ukraine)</subfield>
		</datafield>
		<datafield tag="411" ind1="2" ind2="0">
			<subfield code="a">Nauchnai︠a︡ konferent︠s︡ii︠a︡ I︠U︡NESKO "Sovremennye slavi︠a︡nskie kulʹtury--razvitie, vzaimodeĭstvie, mezhdunarodnyĭ kontekst," Mezhdunarodnai︠a︡</subfield>
		</datafield>
		<datafield tag="411" ind1="2" ind2="0">
			<subfield code="a">"Sovremennye slavi︠a︡nskie kulʹtury--razvitie, vzaimodeĭstvie, mezhdunarodnyĭ kontekst," Mezhdunarodnai︠a︡ nauchnai︠a︡ konferent︠s︡ii︠a︡ I︠U︡NESKO</subfield>
		</datafield>
		<datafield tag="411" ind1="2" ind2="0">
			<subfield code="a">Mezhdunarodnai︠a︡ nauchnai︠a︡ konferent︠s︡ii︠a︡ I︠U︡.N.E.S.K.O. "Sovremennye slavi︠a︡nskie kulʹtury--razvitie, vzaimodeĭstvie, mezhdunarodnyĭ kontekst"</subfield>
			<subfield code="d">(1979 :</subfield>
			<subfield code="c">Kiev, Ukraine)</subfield>
		</datafield>
		<datafield tag="670" ind1=" " ind2=" ">
			<subfield code="a">Sovremennye slavi︠a︡nskie kulʹtury--razvitie, vzaimodeĭstvie, mezhdunarodnyĭ kontekst, 1982 (a.e.)</subfield>
			<subfield code="b">t.p. (Mezhdunarodnoĭ konferent︠s︡ii I︠U︡NESKO) p. 6 (Mezhdunarodnai︠a︡ nauchnai︠a︡ konferent︠s︡ii︠a︡ "Sovremennye slavi︠a︡nskie kulʹtury--razvitie, vziamodeĭstvie, mezhdunarodnyĭ mezhdunarodnyĭ kontekst" held 5/28-6/1, 1979 in Kiev)</subfield>
		</datafield>
	</record>