
	<record>
		<leader>00541nz   2200133n  4500</leader>
		<controlfield tag="001">n  83062397 </controlfield>
		<controlfield tag="003">DLC</controlfield>
		<controlfield tag="005">19840322000000.0</controlfield>
		<controlfield tag="008">830510n| acannaab|          |a ana ||| c</controlfield>
		<datafield tag="010" ind1=" " ind2=" ">
			<subfield code="a">n  83062397 </subfield>
		</datafield>
		<datafield tag="040" ind1=" " ind2=" ">
			<subfield code="a">DGPO</subfield>
			<subfield code="c">DLC</subfield>
		</datafield>
		<datafield tag="110" ind1="1" ind2="0">
			<subfield code="a">United States.</subfield>
			<subfield code="t">Act Making Appropriations to Provide Productive Employment for Hundreds of Thousands of Jobless Americans, to Hasten or Initiate Federal Projects and Construction of Lasting Value to the Nation ...</subfield>
		</datafield>
		<datafield tag="410" ind1="1" ind2="0">
			<subfield code="a">United States.</subfield>
			<subfield code="t">Public Law 98-8</subfield>
		</datafield>
		<datafield tag="670" ind1=" " ind2=" ">
			<subfield code="a">Its An Act Making Appropriations ... 1983.</subfield>
		</datafield>
	</record>