
	<record>
		<leader>00589nz   2200133n  4500</leader>
		<controlfield tag="001">n  83067153 </controlfield>
		<controlfield tag="003">DLC</controlfield>
		<controlfield tag="005">19840322000000.0</controlfield>
		<controlfield tag="008">830427n| acannaab|          |a aaa |||  </controlfield>
		<datafield tag="010" ind1=" " ind2=" ">
			<subfield code="a">n  83067153 </subfield>
		</datafield>
		<datafield tag="040" ind1=" " ind2=" ">
			<subfield code="a">DLC</subfield>
			<subfield code="c">DLC</subfield>
		</datafield>
		<datafield tag="100" ind1="1" ind2="0">
			<subfield code="a">Gossen, Hermann Heinrich.</subfield>
			<subfield code="t">Entwickelung der Gesetze des menschlichen Verkehrs, und der daraus fliessenden Regeln für menschliches Handeln.</subfield>
			<subfield code="l">English</subfield>
		</datafield>
		<datafield tag="400" ind1="1" ind2="0">
			<subfield code="a">Gossen, Hermann Heinrich.</subfield>
			<subfield code="t">Laws of human relations, and the rules of human action derived therefrom</subfield>
		</datafield>
		<datafield tag="670" ind1=" " ind2=" ">
			<subfield code="a">His The laws of human relations, and the rules of human action derived therefrom, c1983.</subfield>
		</datafield>
	</record>