
	<record>
		<leader>01398cz   2200265n  4500</leader>
		<controlfield tag="001">n  83073629 </controlfield>
		<controlfield tag="003">DLC</controlfield>
		<controlfield tag="008">830719n| acannaabn          |a aaa      </controlfield>
		<controlfield tag="005">19991204070327.0</controlfield>
		<datafield tag="010" ind1=" " ind2=" ">
			<subfield code="a">n  83073629 </subfield>
		</datafield>
		<datafield tag="035" ind1=" " ind2=" ">
			<subfield code="a">(OCoLC)oca00955355</subfield>
		</datafield>
		<datafield tag="040" ind1=" " ind2=" ">
			<subfield code="a">DLC</subfield>
			<subfield code="b">eng</subfield>
			<subfield code="c">DLC</subfield>
			<subfield code="d">DLC</subfield>
			<subfield code="d">PPi-MA</subfield>
		</datafield>
		<datafield tag="100" ind1="1" ind2=" ">
			<subfield code="a">Bach, Johann Sebastian,</subfield>
			<subfield code="d">1685-1750.</subfield>
			<subfield code="t">Es erhub sich ein Streit</subfield>
		</datafield>
		<datafield tag="400" ind1="1" ind2=" ">
			<subfield code="a">Bach, Johann Sebastian,</subfield>
			<subfield code="d">1685-1750.</subfield>
			<subfield code="t">See how fiercely they fight</subfield>
		</datafield>
		<datafield tag="400" ind1="1" ind2=" ">
			<subfield code="a">Bach, Johann Sebastian,</subfield>
			<subfield code="d">1685-1750.</subfield>
			<subfield code="t">There uprose a great strife</subfield>
		</datafield>
		<datafield tag="400" ind1="1" ind2=" ">
			<subfield code="a">Bach, Johann Sebastian,</subfield>
			<subfield code="d">1685-1750.</subfield>
			<subfield code="t">Cantatas,</subfield>
			<subfield code="n">BWV 19</subfield>
		</datafield>
		<datafield tag="400" ind1="1" ind2=" ">
			<subfield code="a">Bach, Johann Sebastian,</subfield>
			<subfield code="d">1685-1750.</subfield>
			<subfield code="t">Cantatas,</subfield>
			<subfield code="n">no. 19</subfield>
		</datafield>
		<datafield tag="400" ind1="1" ind2=" ">
			<subfield code="a">Bach, Johann Sebastian,</subfield>
			<subfield code="d">1685-1750.</subfield>
			<subfield code="t">There arose a great strife</subfield>
		</datafield>
		<datafield tag="400" ind1="1" ind2=" ">
			<subfield code="a">Bach, Johann Sebastian,</subfield>
			<subfield code="d">1685-1750.</subfield>
			<subfield code="t">Kantate am Michaelisfest,</subfield>
			<subfield code="n">BWV 19</subfield>
		</datafield>
		<datafield tag="400" ind1="1" ind2=" ">
			<subfield code="a">Bach, Johann Sebastian,</subfield>
			<subfield code="d">1685-1750.</subfield>
			<subfield code="t">Festo Michaelis,</subfield>
			<subfield code="n">BWV 19</subfield>
		</datafield>
		<datafield tag="400" ind1="1" ind2=" ">
			<subfield code="a">Bach, Johann Sebastian,</subfield>
			<subfield code="d">1685-1750.</subfield>
			<subfield code="t">Kantate zum Michaelistag,</subfield>
			<subfield code="n">BWV 19</subfield>
		</datafield>
		<datafield tag="400" ind1="1" ind2=" ">
			<subfield code="a">Bach, Johann Sebastian,</subfield>
			<subfield code="d">1685-1750.</subfield>
			<subfield code="t">Cantata for Michaelmas Day,</subfield>
			<subfield code="n">BWV 19</subfield>
		</datafield>
		<datafield tag="400" ind1="1" ind2=" ">
			<subfield code="a">Bach, Johann Sebastian,</subfield>
			<subfield code="d">1685-1750.</subfield>
			<subfield code="t">Cantate am Michaelisfeste,</subfield>
			<subfield code="n">BWV 19</subfield>
		</datafield>
		<datafield tag="670" ind1=" " ind2=" ">
			<subfield code="a">Bach, J.S. BWV 19, Es erhub sich ein Streit [SR] p1988:</subfield>
			<subfield code="b">label (BWV 19, Es erhub sich ein Streit = There arose a great strife)</subfield>
		</datafield>
		<datafield tag="670" ind1=" " ind2=" ">
			<subfield code="a">Schmieder, 1990</subfield>
			<subfield code="b">(19. Es erhub sich ein Streit; Kantate am Michaelisfest (Festo Michaelis))</subfield>
		</datafield>
	</record>