
	<record>
		<leader>00385cz   2200121n  4500</leader>
		<controlfield tag="001">n  83142965 </controlfield>
		<controlfield tag="003">DLC</controlfield>
		<controlfield tag="005">19850607145234.8</controlfield>
		<controlfield tag="008">831108n| acannaab|          |n ana |||  </controlfield>
		<datafield tag="010" ind1=" " ind2=" ">
			<subfield code="a">n  83142965 </subfield>
			<subfield code="z">n  85-012723</subfield>
		</datafield>
		<datafield tag="040" ind1=" " ind2=" ">
			<subfield code="a">DLC</subfield>
			<subfield code="c">DLC</subfield>
			<subfield code="d">DLC</subfield>
		</datafield>
		<datafield tag="130" ind1=" " ind2="0">
			<subfield code="a">Muppets take Manhattan (Motion picture)</subfield>
		</datafield>
		<datafield tag="670" ind1=" " ind2=" ">
			<subfield code="a">Abelson, D. The Muppets take Manhattan, 1984 (a.e.)</subfield>
			<subfield code="b">CIP t.p. (The Muppets take Manhattan)</subfield>
		</datafield>
	</record>