
	<record>
		<leader>00990cz   2200229n  4500</leader>
		<controlfield tag="001">n  83163542 </controlfield>
		<controlfield tag="003">DLC</controlfield>
		<controlfield tag="005">19960629053137.9</controlfield>
		<controlfield tag="008">830928n| acannaab|          |a aaa      </controlfield>
		<datafield tag="010" ind1=" " ind2=" ">
			<subfield code="a">n  83163542 </subfield>
			<subfield code="z">n  83153324 </subfield>
		</datafield>
		<datafield tag="040" ind1=" " ind2=" ">
			<subfield code="a">DLC</subfield>
			<subfield code="c">DLC</subfield>
			<subfield code="d">DLC</subfield>
			<subfield code="d">NIC-Mu</subfield>
		</datafield>
		<datafield tag="100" ind1="1" ind2="0">
			<subfield code="a">Prokofiev, Sergey,</subfield>
			<subfield code="d">1891-1953.</subfield>
			<subfield code="t">Zolushka</subfield>
		</datafield>
		<datafield tag="400" ind1="1" ind2="0">
			<subfield code="a">Prokofiev, Sergey,</subfield>
			<subfield code="d">1891-1953.</subfield>
			<subfield code="t">Cinderella</subfield>
		</datafield>
		<datafield tag="400" ind1="1" ind2="0">
			<subfield code="w">nnaa</subfield>
			<subfield code="a">Prokofʹev, Sergeĭ Sergeevich,</subfield>
			<subfield code="d">1891-1953.</subfield>
			<subfield code="t">Cinderella</subfield>
		</datafield>
		<datafield tag="400" ind1="1" ind2="0">
			<subfield code="a">Prokofiev, Sergey,</subfield>
			<subfield code="d">1891-1953.</subfield>
			<subfield code="t">Aschenbrödel</subfield>
		</datafield>
		<datafield tag="400" ind1="1" ind2="0">
			<subfield code="a">Prokofiev, Sergey,</subfield>
			<subfield code="d">1891-1953.</subfield>
			<subfield code="t">Cendrillon</subfield>
		</datafield>
		<datafield tag="400" ind1="1" ind2="0">
			<subfield code="a">Prokofiev, Sergey,</subfield>
			<subfield code="d">1891-1953.</subfield>
			<subfield code="t">Cenerentola</subfield>
		</datafield>
		<datafield tag="400" ind1="1" ind2="0">
			<subfield code="a">Prokofiev, Sergey,</subfield>
			<subfield code="d">1891-1953.</subfield>
			<subfield code="t">Kopciuszek</subfield>
		</datafield>
		<datafield tag="670" ind1=" " ind2=" ">
			<subfield code="a">His Cinderella [SR] p1982:</subfield>
			<subfield code="b">label (Cinderella) container (Zolushka)</subfield>
		</datafield>
		<datafield tag="670" ind1=" " ind2=" ">
			<subfield code="a">New Grove</subfield>
			<subfield code="b">(Zolushka)</subfield>
		</datafield>
		<datafield tag="670" ind1=" " ind2=" ">
			<subfield code="a">LC manual auth. cd.</subfield>
			<subfield code="b">(hdg.: Prokofʹev, Sergeĭ Sergeevich, 1891-1953. Cinderella)</subfield>
		</datafield>
		<datafield tag="670" ind1=" " ind2=" ">
			<subfield code="a">Prokofiev, S. Cinderella [SR] p1995:</subfield>
			<subfield code="b">container (Aschenbrödel = Cendrillon = Cenerentola)</subfield>
		</datafield>
	</record>