
	<record>
		<leader>00624nz   2200157n  4500</leader>
		<controlfield tag="001">n  83194142 </controlfield>
		<controlfield tag="003">DLC</controlfield>
		<controlfield tag="005">19840322000000.0</controlfield>
		<controlfield tag="008">830829n| acannaab|          |a ana |||  </controlfield>
		<datafield tag="010" ind1=" " ind2=" ">
			<subfield code="a">n  83194142 </subfield>
		</datafield>
		<datafield tag="040" ind1=" " ind2=" ">
			<subfield code="a">DLC</subfield>
			<subfield code="c">DLC</subfield>
		</datafield>
		<datafield tag="111" ind1="2" ind2="0">
			<subfield code="a">AIAA/NASA Symposium on the Space Station</subfield>
			<subfield code="d">(1983 :</subfield>
			<subfield code="c">Arlington, Va.)</subfield>
		</datafield>
		<datafield tag="411" ind1="2" ind2="0">
			<subfield code="a">A.I.A.A./N.A.S.A. Symposium on the Space Station</subfield>
			<subfield code="d">(1983 :</subfield>
			<subfield code="c">Arlington, Va.)</subfield>
		</datafield>
		<datafield tag="411" ind1="2" ind2="0">
			<subfield code="a">Symposium on the Space Station, AIAA/NASA</subfield>
		</datafield>
		<datafield tag="411" ind1="2" ind2="0">
			<subfield code="a">Space Station, AIAA/NASA Symposium on the</subfield>
		</datafield>
		<datafield tag="670" ind1=" " ind2=" ">
			<subfield code="a">Its The space station, 1983:</subfield>
			<subfield code="b">CIP t.p. (AIAA/NASA Symposium on the Space Station, Arlington, Virginia, 7/18-20/83)</subfield>
		</datafield>
	</record>