
	<record>
		<leader>00691cz   2200169n  4500</leader>
		<controlfield tag="001">n  83196113 </controlfield>
		<controlfield tag="003">DLC</controlfield>
		<controlfield tag="008">830805n| acannaabn          |a aaa      </controlfield>
		<controlfield tag="005">19991021073018.0</controlfield>
		<datafield tag="010" ind1=" " ind2=" ">
			<subfield code="a">n  83196113 </subfield>
		</datafield>
		<datafield tag="035" ind1=" " ind2=" ">
			<subfield code="a">(OCoLC)oca01009744</subfield>
		</datafield>
		<datafield tag="040" ind1=" " ind2=" ">
			<subfield code="a">DLC</subfield>
			<subfield code="b">eng</subfield>
			<subfield code="c">DLC</subfield>
			<subfield code="d">PPi-MA</subfield>
		</datafield>
		<datafield tag="100" ind1="1" ind2=" ">
			<subfield code="a">Salvador, Sal</subfield>
		</datafield>
		<datafield tag="400" ind1="1" ind2=" ">
			<subfield code="a">Smiraglia, Silvio</subfield>
		</datafield>
		<datafield tag="670" ind1=" " ind2=" ">
			<subfield code="a">Sal Savador Quintet. In our own sweet way [SR] c1983 (xx-ref.)</subfield>
			<subfield code="b">labels (Sal Salvador) container (guitar)</subfield>
		</datafield>
		<datafield tag="670" ind1=" " ind2=" ">
			<subfield code="a">New Grove dict. of jazz</subfield>
			<subfield code="b">(Salvador, Sal; b. Nov. 21, 1925, Monson, MA; guitarist)</subfield>
		</datafield>
		<datafield tag="670" ind1=" " ind2=" ">
			<subfield code="a">New York times, Oct. 2, 1999:</subfield>
			<subfield code="b">p. A13 (Sal Salvador, 73, teacher, be-bop guitarist, d. Sept. 22, 1999, Stamford, Conn.; b. Silvio Smiraglia)</subfield>
		</datafield>
	</record>