
	<record>
		<leader>00373nz   2200121n  4500</leader>
		<controlfield tag="001">n  83199263 </controlfield>
		<controlfield tag="003">DLC</controlfield>
		<controlfield tag="005">19840322000000.0</controlfield>
		<controlfield tag="008">830913n| acannaab|          |n aaa |||  </controlfield>
		<datafield tag="010" ind1=" " ind2=" ">
			<subfield code="a">n  83199263 </subfield>
		</datafield>
		<datafield tag="040" ind1=" " ind2=" ">
			<subfield code="a">DLC</subfield>
			<subfield code="c">DLC</subfield>
		</datafield>
		<datafield tag="100" ind1="1" ind2="0">
			<subfield code="a">Fuji, Shūsui,</subfield>
			<subfield code="d">1885-</subfield>
		</datafield>
		<datafield tag="670" ind1=" " ind2=" ">
			<subfield code="a">His Tannishō kōsan, 1982 (v. 1, 1983 printing):</subfield>
			<subfield code="b">v. 1, t.p. (Fuji Shūsui) colophon (r; b. 1885; Shinshū priest)</subfield>
		</datafield>
	</record>