
	<record>
		<leader>00690nz   2200169n  4500</leader>
		<controlfield tag="001">n  83201766 </controlfield>
		<controlfield tag="003">DLC</controlfield>
		<controlfield tag="005">19840322000000.0</controlfield>
		<controlfield tag="008">840210n| acannaab|          |a ana |||  </controlfield>
		<datafield tag="010" ind1=" " ind2=" ">
			<subfield code="a">n  83201766 </subfield>
		</datafield>
		<datafield tag="040" ind1=" " ind2=" ">
			<subfield code="a">DLC</subfield>
			<subfield code="c">DLC</subfield>
		</datafield>
		<datafield tag="111" ind1="2" ind2="0">
			<subfield code="a">SIGSMALL Symposium.</subfield>
		</datafield>
		<datafield tag="411" ind1="2" ind2="0">
			<subfield code="a">S.I.G.S.M.A.L.L. Symposium</subfield>
		</datafield>
		<datafield tag="411" ind1="2" ind2="0">
			<subfield code="a">Symposium on Small Systems</subfield>
		</datafield>
		<datafield tag="411" ind1="2" ind2="0">
			<subfield code="a">ACM SIGSMALL Symposium on Small Systems</subfield>
		</datafield>
		<datafield tag="411" ind1="2" ind2="0">
			<subfield code="a">A.C.M. S.I.G.S.M.A.L.L. Symposium on Small Systems</subfield>
		</datafield>
		<datafield tag="670" ind1=" " ind2=" ">
			<subfield code="a">Its (5th : 1982 : Colorado Springs, Colo.). Proceedings, c1982:</subfield>
			<subfield code="b">t.p. (Fifth SIGSMALL Symposium, 8/2-4/82, Colorado Springs, Colo.) cover (Fifth Symposium on Small Systems) p. iv (1982 ACM SIGSMALL Symposium on Small Systems)</subfield>
		</datafield>
	</record>