
	<record>
		<leader>00379nz   2200133n  4500</leader>
		<controlfield tag="001">n  83311014 </controlfield>
		<controlfield tag="003">DLC</controlfield>
		<controlfield tag="005">19840413141037.1</controlfield>
		<controlfield tag="008">840327n| acannaab|          |a aaa |||  </controlfield>
		<datafield tag="010" ind1=" " ind2=" ">
			<subfield code="a">n  83311014 </subfield>
		</datafield>
		<datafield tag="040" ind1=" " ind2=" ">
			<subfield code="a">DLC</subfield>
			<subfield code="c">DLC</subfield>
			<subfield code="d">DLC</subfield>
		</datafield>
		<datafield tag="100" ind1="1" ind2="0">
			<subfield code="a">Nguyã̃en, Quã́oc Phong.</subfield>
		</datafield>
		<datafield tag="400" ind1="0" ind2="0">
			<subfield code="a">Nguyã̃en Quã́oc Phong</subfield>
		</datafield>
		<datafield tag="670" ind1=" " ind2=" ">
			<subfield code="a">His Tinh thã̀an sáng chã́e Viạ̃et Nam, c1983:</subfield>
			<subfield code="b">t.p. (Nguyã̃en Quã́oc Phong)</subfield>
		</datafield>
	</record>