
	<record>
		<leader>00890cz   2200229n  4500</leader>
		<controlfield tag="001">n  83704219 </controlfield>
		<controlfield tag="003">DLC</controlfield>
		<controlfield tag="005">19881025115827.6</controlfield>
		<controlfield tag="008">830712n| acaaaaaa|          |a ana |||  </controlfield>
		<datafield tag="010" ind1=" " ind2=" ">
			<subfield code="a">n  83704219 </subfield>
		</datafield>
		<datafield tag="040" ind1=" " ind2=" ">
			<subfield code="a">DLC</subfield>
			<subfield code="c">DLC</subfield>
			<subfield code="d">DLC</subfield>
		</datafield>
		<datafield tag="130" ind1=" " ind2="0">
			<subfield code="a">Legal series.</subfield>
		</datafield>
		<datafield tag="410" ind1="2" ind2="0">
			<subfield code="w">nna</subfield>
			<subfield code="a">International Atomic Energy Agency.</subfield>
			<subfield code="t">Legal series</subfield>
		</datafield>
		<datafield tag="430" ind1=" " ind2="0">
			<subfield code="a">Collection juridique (Vienna, Austria)</subfield>
		</datafield>
		<datafield tag="642" ind1=" " ind2=" ">
			<subfield code="a">no. 3</subfield>
			<subfield code="5">DLC</subfield>
		</datafield>
		<datafield tag="643" ind1=" " ind2=" ">
			<subfield code="a">Vienna</subfield>
			<subfield code="b">International Atomic Energy Agency</subfield>
			<subfield code="a">New York, N.Y.</subfield>
			<subfield code="b">Sold by UNIPUB</subfield>
		</datafield>
		<datafield tag="644" ind1=" " ind2=" ">
			<subfield code="a">f</subfield>
			<subfield code="5">DLC</subfield>
		</datafield>
		<datafield tag="645" ind1=" " ind2=" ">
			<subfield code="a">t</subfield>
			<subfield code="5">DLC</subfield>
		</datafield>
		<datafield tag="646" ind1=" " ind2=" ">
			<subfield code="a">s</subfield>
			<subfield code="5">DLC</subfield>
		</datafield>
		<datafield tag="667" ind1=" " ind2=" ">
			<subfield code="a">Document</subfield>
		</datafield>
		<datafield tag="670" ind1=" " ind2=" ">
			<subfield code="a">Agreements registered with the International Atomic Energy Agency ... 1981:</subfield>
			<subfield code="b">t.p.</subfield>
		</datafield>
		<datafield tag="670" ind1=" " ind2=" ">
			<subfield code="a">Séminaire interrég. sur la droit nucléaire et la réglement. en matière de sûreté nucl. (1st : 1983 : Rabat, Morocco). Réglement. des activités nucléaires, 1986:</subfield>
			<subfield code="b">t.p. (Collection juridique)</subfield>
		</datafield>
	</record>