
	<record>
		<leader>01052cz   2200253n  4500</leader>
		<controlfield tag="001">n  83729718 </controlfield>
		<controlfield tag="003">DLC</controlfield>
		<controlfield tag="005">19980114084808.8</controlfield>
		<controlfield tag="008">840214n| acacaaaa|          |a ana |||  </controlfield>
		<datafield tag="010" ind1=" " ind2=" ">
			<subfield code="a">n  83729718 </subfield>
			<subfield code="z">n  42020721 </subfield>
		</datafield>
		<datafield tag="040" ind1=" " ind2=" ">
			<subfield code="a">DLC</subfield>
			<subfield code="c">DLC</subfield>
			<subfield code="d">DLC</subfield>
		</datafield>
		<datafield tag="130" ind1=" " ind2="0">
			<subfield code="a">P (Rand Corporation)</subfield>
		</datafield>
		<datafield tag="410" ind1="2" ind2="0">
			<subfield code="a">Rand Corporation.</subfield>
			<subfield code="t">P</subfield>
		</datafield>
		<datafield tag="430" ind1=" " ind2="0">
			<subfield code="a">Rand paper series</subfield>
		</datafield>
		<datafield tag="410" ind1="2" ind2="0">
			<subfield code="a">Rand Corporation.</subfield>
			<subfield code="t">Rand paper series</subfield>
		</datafield>
		<datafield tag="430" ind1=" " ind2="0">
			<subfield code="a">Rand/P</subfield>
		</datafield>
		<datafield tag="430" ind1=" " ind2="0">
			<subfield code="a">Rand paper</subfield>
		</datafield>
		<datafield tag="643" ind1=" " ind2=" ">
			<subfield code="a">Santa Monica, Calif.</subfield>
			<subfield code="b">Rand Corp.</subfield>
		</datafield>
		<datafield tag="667" ind1=" " ind2=" ">
			<subfield code="a">Give as quoted note (e.g., "P-7050-RGI") and provide added entry for Rand Corporation.</subfield>
		</datafield>
		<datafield tag="667" ind1=" " ind2=" ">
			<subfield code="a">Old catalog headings: Rand paper series; Rand Corporation. Paper.</subfield>
		</datafield>
		<datafield tag="667" ind1=" " ind2=" ">
			<subfield code="a">Considered a series, with call no. AS36.R28, prior to P-7050-RGI.</subfield>
		</datafield>
		<datafield tag="670" ind1=" " ind2=" ">
			<subfield code="a">Ziehe, T.W. The nature of data in language analysis, 1961:</subfield>
			<subfield code="b">t.p.</subfield>
		</datafield>
		<datafield tag="670" ind1=" " ind2=" ">
			<subfield code="a">Don, B.W. Allies and adversaries, c1986:</subfield>
			<subfield code="b">t.p. (P-7242) p. facing t.p. (The Rand paper series) cover (P-7242-RGS)</subfield>
		</datafield>
		<datafield tag="670" ind1=" " ind2=" ">
			<subfield code="a">Stasz, C. Staff development for instructional uses ... 1984:</subfield>
			<subfield code="b">t.p. (Rand/P)</subfield>
		</datafield>
	</record>