
	<record>
		<leader>00634cz   2200229n  4500</leader>
		<controlfield tag="001">n  83734549 </controlfield>
		<controlfield tag="003">DLC</controlfield>
		<controlfield tag="005">19990429051409.6</controlfield>
		<controlfield tag="008">840203n| acaaaaaa|          |a ana      </controlfield>
		<datafield tag="010" ind1=" " ind2=" ">
			<subfield code="a">n  83734549 </subfield>
			<subfield code="z">n  84801606 </subfield>
		</datafield>
		<datafield tag="035" ind1=" " ind2=" ">
			<subfield code="a">(OCoLC)oca01050670 </subfield>
		</datafield>
		<datafield tag="040" ind1=" " ind2=" ">
			<subfield code="a">DLC</subfield>
			<subfield code="c">DLC</subfield>
			<subfield code="d">DLC</subfield>
			<subfield code="d">DLC-S</subfield>
		</datafield>
		<datafield tag="050" ind1=" " ind2=" ">
			<subfield code="a">AS36</subfield>
			<subfield code="b">.R3</subfield>
		</datafield>
		<datafield tag="130" ind1=" " ind2="0">
			<subfield code="a">R (Rand Corporation)</subfield>
		</datafield>
		<datafield tag="410" ind1="2" ind2="0">
			<subfield code="a">Rand Corporation.</subfield>
			<subfield code="t">R</subfield>
		</datafield>
		<datafield tag="410" ind1="2" ind2="0">
			<subfield code="w">nnaa</subfield>
			<subfield code="a">Rand Corporation.</subfield>
			<subfield code="t">Rand report</subfield>
		</datafield>
		<datafield tag="642" ind1=" " ind2=" ">
			<subfield code="a">104</subfield>
			<subfield code="5">DPCC</subfield>
			<subfield code="5">DLC</subfield>
		</datafield>
		<datafield tag="643" ind1=" " ind2=" ">
			<subfield code="a">Santa Monica, Calif.</subfield>
			<subfield code="b">Rand</subfield>
		</datafield>
		<datafield tag="644" ind1=" " ind2=" ">
			<subfield code="a">f</subfield>
			<subfield code="5">DLC</subfield>
		</datafield>
		<datafield tag="645" ind1=" " ind2=" ">
			<subfield code="a">t</subfield>
			<subfield code="5">DPCC</subfield>
			<subfield code="5">DLC</subfield>
		</datafield>
		<datafield tag="646" ind1=" " ind2=" ">
			<subfield code="a">c</subfield>
			<subfield code="5">DLC</subfield>
		</datafield>
		<datafield tag="670" ind1=" " ind2=" ">
			<subfield code="a">Improving military housing policy, 1984:</subfield>
			<subfield code="b">CIP t.p.</subfield>
		</datafield>
	</record>