
	<record>
		<leader>00746cz   2200229n  4500</leader>
		<controlfield tag="001">n  83825506 </controlfield>
		<controlfield tag="003">DLC</controlfield>
		<controlfield tag="005">19860203080231.5</controlfield>
		<controlfield tag="008">830922n| acaacaaa|          |a ana ||| c</controlfield>
		<datafield tag="010" ind1=" " ind2=" ">
			<subfield code="a">n  83825506 </subfield>
		</datafield>
		<datafield tag="040" ind1=" " ind2=" ">
			<subfield code="a">ICU</subfield>
			<subfield code="c">ICU</subfield>
			<subfield code="d">DLC</subfield>
		</datafield>
		<datafield tag="130" ind1=" " ind2="0">
			<subfield code="a">Unesco publication.</subfield>
		</datafield>
		<datafield tag="410" ind1="2" ind2="0">
			<subfield code="w">nna</subfield>
			<subfield code="a">United Nations Educational, Scientific and Cultural Organization.</subfield>
			<subfield code="t">Unesco publication</subfield>
		</datafield>
		<datafield tag="410" ind1="2" ind2="0">
			<subfield code="a">Unesco.</subfield>
			<subfield code="t">Unesco publication</subfield>
		</datafield>
		<datafield tag="410" ind1="2" ind2="0">
			<subfield code="a">Unesco.</subfield>
			<subfield code="t">Publication</subfield>
		</datafield>
		<datafield tag="642" ind1=" " ind2=" ">
			<subfield code="a">619</subfield>
			<subfield code="5">DLC</subfield>
			<subfield code="5">ICU</subfield>
		</datafield>
		<datafield tag="643" ind1=" " ind2=" ">
			<subfield code="a">Paris</subfield>
			<subfield code="b">Unesco</subfield>
		</datafield>
		<datafield tag="644" ind1=" " ind2=" ">
			<subfield code="a">f</subfield>
			<subfield code="5">DLC</subfield>
			<subfield code="5">ICU</subfield>
		</datafield>
		<datafield tag="645" ind1=" " ind2=" ">
			<subfield code="a">t</subfield>
			<subfield code="5">DLC</subfield>
			<subfield code="5">ICU</subfield>
		</datafield>
		<datafield tag="646" ind1=" " ind2=" ">
			<subfield code="a">s</subfield>
			<subfield code="5">DLC</subfield>
			<subfield code="5">ICU</subfield>
		</datafield>
		<datafield tag="670" ind1=" " ind2=" ">
			<subfield code="a">LCCN 51-1959: Directory of international scientific organizations, c1950.</subfield>
		</datafield>
		<datafield tag="670" ind1=" " ind2=" ">
			<subfield code="a">Tunis model law on copyright ... 1976:</subfield>
			<subfield code="b">t.p. [number not given]</subfield>
		</datafield>
	</record>