
	<record>
		<leader>00956cz   2200181n  4500</leader>
		<controlfield tag="001">n  83828807 </controlfield>
		<controlfield tag="003">DLC</controlfield>
		<controlfield tag="005">19981107052924.1</controlfield>
		<controlfield tag="008">840207n| acannaab|          |a ana     c</controlfield>
		<datafield tag="010" ind1=" " ind2=" ">
			<subfield code="a">n  83828807 </subfield>
		</datafield>
		<datafield tag="035" ind1=" " ind2=" ">
			<subfield code="a">(OCoLC)oca01057865 </subfield>
		</datafield>
		<datafield tag="040" ind1=" " ind2=" ">
			<subfield code="a">ICU</subfield>
			<subfield code="c">ICU</subfield>
			<subfield code="d">NmU</subfield>
		</datafield>
		<datafield tag="111" ind1="2" ind2="0">
			<subfield code="a">International Symposium on Magneto-Fluid Dynamics</subfield>
			<subfield code="d">(1960 :</subfield>
			<subfield code="c">Williamsburg, Va. and Washington, D.C.)</subfield>
		</datafield>
		<datafield tag="411" ind1="2" ind2="0">
			<subfield code="w">nnaa</subfield>
			<subfield code="a">International Symposium on Magneto-Fluid Dynamics,</subfield>
			<subfield code="c">Williamsburg, Va. and Washington, D.C.,</subfield>
			<subfield code="d">1960</subfield>
		</datafield>
		<datafield tag="411" ind1="2" ind2="0">
			<subfield code="a">Symposium on Magneto-Fluid Dynamics, International</subfield>
		</datafield>
		<datafield tag="411" ind1="2" ind2="0">
			<subfield code="a">Magneto-Fluid Dynamics, International Symposium on</subfield>
		</datafield>
		<datafield tag="670" ind1=" " ind2=" ">
			<subfield code="a">LCCN 60-60090: Its Magneto-fluid dynamics, c1960</subfield>
			<subfield code="b">(hdg.: International Symposium on Magneto-fluid Dynamics, Williamsburg, Va. and Washington, D.C., 1960)</subfield>
		</datafield>
		<datafield tag="670" ind1=" " ind2=" ">
			<subfield code="a">Magneto-fluid dynamics, c1960</subfield>
			<subfield code="b">p. 695 (International Symposium on Magneto-Fluid Dynamics; held at Williamsburg, Va. and Washington, D.C., in January, 1960)</subfield>
		</datafield>
	</record>