
	<record>
		<leader>00890cz   2200157n  4500</leader>
		<controlfield tag="001">n  84002112 </controlfield>
		<controlfield tag="003">DLC</controlfield>
		<controlfield tag="005">19860519135942.7</controlfield>
		<controlfield tag="008">840502n| acannaab|          |a ana |||  </controlfield>
		<datafield tag="010" ind1=" " ind2=" ">
			<subfield code="a">n  84002112 </subfield>
		</datafield>
		<datafield tag="040" ind1=" " ind2=" ">
			<subfield code="a">DLC</subfield>
			<subfield code="c">DLC</subfield>
			<subfield code="d">DLC</subfield>
		</datafield>
		<datafield tag="110" ind1="1" ind2="0">
			<subfield code="a">United States.</subfield>
			<subfield code="b">Continental Army.</subfield>
			<subfield code="b">Continental Regiment, 1st.</subfield>
		</datafield>
		<datafield tag="410" ind1="1" ind2="0">
			<subfield code="a">United States.</subfield>
			<subfield code="b">Continental Army.</subfield>
			<subfield code="b">Continental Regiment, First</subfield>
		</datafield>
		<datafield tag="510" ind1="1" ind2="0">
			<subfield code="w">a</subfield>
			<subfield code="a">United States.</subfield>
			<subfield code="b">Continental Army.</subfield>
			<subfield code="b">Thompson's Battalion</subfield>
		</datafield>
		<datafield tag="510" ind1="1" ind2="0">
			<subfield code="w">bnna</subfield>
			<subfield code="a">United States.</subfield>
			<subfield code="b">Army.</subfield>
			<subfield code="b">Pennsylvania Regiment, 1st</subfield>
		</datafield>
		<datafield tag="670" ind1=" " ind2=" ">
			<subfield code="a">Stroh, O.H. Thompson's Battalion and/or the First Continental Regiment, 1976:</subfield>
			<subfield code="b">t.p. (Thompson's Battalion; First Continental Regiment) p. 9, etc. (regiment of central Pa. volunteers under Col. Wm. Thompson, org. by resolution of Congress, 6/14/1775; designated First Continental Regiment, 1/1/1776; reorganized and renamed First Pennsylvania Regiment, 7/1/1776)</subfield>
		</datafield>
	</record>