
	<record>
		<leader>00327nz   2200133n  4500</leader>
		<controlfield tag="001">n  84002287 </controlfield>
		<controlfield tag="003">DLC</controlfield>
		<controlfield tag="005">19840517170554.8</controlfield>
		<controlfield tag="008">840418n| acannaab|          |a ana |||  </controlfield>
		<datafield tag="010" ind1=" " ind2=" ">
			<subfield code="a">n  84002287 </subfield>
		</datafield>
		<datafield tag="040" ind1=" " ind2=" ">
			<subfield code="a">DLC</subfield>
			<subfield code="c">DLC</subfield>
			<subfield code="d">DLC</subfield>
		</datafield>
		<datafield tag="130" ind1=" " ind2="0">
			<subfield code="a">This little pig.</subfield>
		</datafield>
		<datafield tag="430" ind1=" " ind2="0">
			<subfield code="a">Mother Goose.</subfield>
			<subfield code="p">This little pig</subfield>
		</datafield>
		<datafield tag="670" ind1=" " ind2=" ">
			<subfield code="a">This little pig, 1985.</subfield>
		</datafield>
	</record>