
	<record>
		<leader>00785nz   2200145n  4500</leader>
		<controlfield tag="001">n  84011401 </controlfield>
		<controlfield tag="003">DLC</controlfield>
		<controlfield tag="005">19840718000000.0</controlfield>
		<controlfield tag="008">840503n| acannaab|          |a ana |||  </controlfield>
		<datafield tag="010" ind1=" " ind2=" ">
			<subfield code="a">n  84011401 </subfield>
		</datafield>
		<datafield tag="040" ind1=" " ind2=" ">
			<subfield code="a">DLC</subfield>
			<subfield code="c">DLC</subfield>
		</datafield>
		<datafield tag="111" ind1="2" ind2="0">
			<subfield code="a">Indiana University Nuclear Physics Workshop on Manifestations of Hadron Substructure in Nuclear Physics</subfield>
			<subfield code="d">(1983)</subfield>
		</datafield>
		<datafield tag="411" ind1="2" ind2="0">
			<subfield code="a">Nuclear Physics Workshop on Manifestations of Hadron Substructure in Nuclear Physics, Indiana University</subfield>
		</datafield>
		<datafield tag="411" ind1="2" ind2="0">
			<subfield code="a">Workshop on Manifestations of Hadron Substructure in Nuclear Physics, Indiana University Nuclear Physics</subfield>
		</datafield>
		<datafield tag="670" ind1=" " ind2=" ">
			<subfield code="a">Hadron substructure in nuclear physics, 1984:</subfield>
			<subfield code="b">pref. (1983 Indiana University Nuclear Physics Workshop on Manifestations of Hadron Substructure in Nuclear Physics, Bloomington, Ind., 10/19-21/83)</subfield>
		</datafield>
	</record>