
	<record>
		<leader>00486nz   2200133n  4500</leader>
		<controlfield tag="001">n  84042170 </controlfield>
		<controlfield tag="003">DLC</controlfield>
		<controlfield tag="005">19841019000000.0</controlfield>
		<controlfield tag="008">840813n| acannaab|          |a ana |||  </controlfield>
		<datafield tag="010" ind1=" " ind2=" ">
			<subfield code="a">n  84042170 </subfield>
		</datafield>
		<datafield tag="040" ind1=" " ind2=" ">
			<subfield code="a">DLC</subfield>
			<subfield code="c">DLC</subfield>
		</datafield>
		<datafield tag="111" ind1="2" ind2="0">
			<subfield code="a">Muz̲ākarah-yi Millī Aḵḫlāqiyāt-i Nabavī</subfield>
			<subfield code="d">(1982 :</subfield>
			<subfield code="c">Karachi, Pakistan)</subfield>
		</datafield>
		<datafield tag="411" ind1="2" ind2="0">
			<subfield code="a">Aḵḫlāqiyāt-i Nabavī, Muz̲ākarah-yi Millī</subfield>
		</datafield>
		<datafield tag="670" ind1=" " ind2=" ">
			<subfield code="a">Its Aḵḫlāqiyāt-i Nabavī, 1982:</subfield>
			<subfield code="b">t.p. (Muz̲ākarah-yi Millī Aḵḫlāqiyāt-i Nabavī, Karaci, 1402 Hijri)</subfield>
		</datafield>
	</record>