
	<record>
		<leader>00458nz   2200133n  4500</leader>
		<controlfield tag="001">n  84043274 </controlfield>
		<controlfield tag="003">DLC</controlfield>
		<controlfield tag="005">19841002000000.0</controlfield>
		<controlfield tag="008">840727n| acannaab|          |a aaa |||  </controlfield>
		<datafield tag="010" ind1=" " ind2=" ">
			<subfield code="a">n  84043274 </subfield>
		</datafield>
		<datafield tag="040" ind1=" " ind2=" ">
			<subfield code="a">DLC</subfield>
			<subfield code="c">DLC</subfield>
		</datafield>
		<datafield tag="100" ind1="1" ind2="0">
			<subfield code="a">Boaventura,</subfield>
			<subfield code="c">frei,</subfield>
			<subfield code="d">1919-</subfield>
			<subfield code="t">Tentaciones de la teología de la liberación.</subfield>
			<subfield code="l">English</subfield>
		</datafield>
		<datafield tag="400" ind1="1" ind2="0">
			<subfield code="a">Boaventura,</subfield>
			<subfield code="c">frei,</subfield>
			<subfield code="c">1919-</subfield>
			<subfield code="t">Temptations for the theology of liberation</subfield>
		</datafield>
		<datafield tag="670" ind1=" " ind2=" ">
			<subfield code="a">His Temptations for the theology of liberation, 1974.</subfield>
		</datafield>
	</record>