
	<record>
		<leader>00687cz   2200157n  4500</leader>
		<controlfield tag="001">n  84050066 </controlfield>
		<controlfield tag="003">DLC</controlfield>
		<controlfield tag="005">19931202113455.2</controlfield>
		<controlfield tag="008">840813n| acannaab|          |n aaa |||  </controlfield>
		<datafield tag="010" ind1=" " ind2=" ">
			<subfield code="a">n  84050066 </subfield>
		</datafield>
		<datafield tag="040" ind1=" " ind2=" ">
			<subfield code="a">DLC</subfield>
			<subfield code="c">DLC</subfield>
			<subfield code="d">DLC</subfield>
		</datafield>
		<datafield tag="053" ind1=" " ind2=" ">
			<subfield code="a">PR6065.S53</subfield>
		</datafield>
		<datafield tag="100" ind1="1" ind2="0">
			<subfield code="a">Ó Siadhail, Mícheál</subfield>
		</datafield>
		<datafield tag="670" ind1=" " ind2=" ">
			<subfield code="a">His Learning Irish, 1980 (1981 printing):</subfield>
			<subfield code="b">t.p. (Mícheál O Siadhail)</subfield>
		</datafield>
		<datafield tag="670" ind1=" " ind2=" ">
			<subfield code="a">LC data base, 8-9-84</subfield>
			<subfield code="b">(hdg.: Ó Siadhail, Mícheál)</subfield>
		</datafield>
		<datafield tag="670" ind1=" " ind2=" ">
			<subfield code="a">His Hail! Madam Jazz, 1992:</subfield>
			<subfield code="b">t.p. (Micheal O'Siadhail) facing t.p. (b. in Dublin in 1947; educated at Clongowes Wood College, Trinity College, Dublin, and the Univ. of Oslo; published 7 collections of poetry; also lists some academic works)</subfield>
		</datafield>
	</record>