
	<record>
		<leader>01023cz   2200193n  4500</leader>
		<controlfield tag="001">n  84055163 </controlfield>
		<controlfield tag="003">DLC</controlfield>
		<controlfield tag="005">19941005093350.2</controlfield>
		<controlfield tag="008">840827n| acannaab|          |a ana ||| c</controlfield>
		<datafield tag="010" ind1=" " ind2=" ">
			<subfield code="a">n  84055163 </subfield>
		</datafield>
		<datafield tag="040" ind1=" " ind2=" ">
			<subfield code="a">DI</subfield>
			<subfield code="c">DLC</subfield>
			<subfield code="d">DLC</subfield>
			<subfield code="d">DNAL</subfield>
			<subfield code="d">DLC</subfield>
			<subfield code="d">MoSU-L</subfield>
		</datafield>
		<datafield tag="110" ind1="2" ind2="0">
			<subfield code="a">Papago Tribe of Arizona</subfield>
		</datafield>
		<datafield tag="410" ind1="2" ind2="0">
			<subfield code="w">nna</subfield>
			<subfield code="a">Papago Tribe</subfield>
		</datafield>
		<datafield tag="410" ind1="2" ind2="0">
			<subfield code="a">Papago Tribe of Sells, Gila Bend, and San Xavier Reservations</subfield>
		</datafield>
		<datafield tag="510" ind1="2" ind2="0">
			<subfield code="w">b</subfield>
			<subfield code="a">Tohono O'odham Nation of Arizona</subfield>
		</datafield>
		<datafield tag="670" ind1=" " ind2=" ">
			<subfield code="a">The Papago Tribe of Arizona special ... 1979:</subfield>
			<subfield code="b">t.p. (Papago Tribe of Arizona) verso of t.p. (Papago Tribe)</subfield>
		</datafield>
		<datafield tag="670" ind1=" " ind2=" ">
			<subfield code="a">LC data base, 8/13/84</subfield>
			<subfield code="b">(hdg.: Papago Tribe; usage: Papago Tribe)</subfield>
		</datafield>
		<datafield tag="670" ind1=" " ind2=" ">
			<subfield code="a">Info from the Planning Dept., Tohono O'odham Nation of Arizona, 03-13-92</subfield>
			<subfield code="b">(Name changed in 1985 from Papago Tribe of Arizona to Tohono O'odham Tribe of Arizona. The name Tohano O'odham Tribe has never been used by the Nation)</subfield>
		</datafield>
		<datafield tag="670" ind1=" " ind2=" ">
			<subfield code="a">Constitution and by-laws of the Papago Tribe, Arizona, 1937:</subfield>
			<subfield code="b">p. 1 (Papago Tribe of Sells, Gila Bend, and San Xavier Reservations)</subfield>
		</datafield>
	</record>