
	<record>
		<leader>00643nz   2200145n  4500</leader>
		<controlfield tag="001">n  84064545 </controlfield>
		<controlfield tag="003">DLC</controlfield>
		<controlfield tag="005">19840831000000.0</controlfield>
		<controlfield tag="008">840731n| acannaab|          |a ana |||  </controlfield>
		<datafield tag="010" ind1=" " ind2=" ">
			<subfield code="a">n  84064545 </subfield>
		</datafield>
		<datafield tag="040" ind1=" " ind2=" ">
			<subfield code="a">TxU</subfield>
			<subfield code="c">DLC</subfield>
		</datafield>
		<datafield tag="110" ind1="1" ind2="0">
			<subfield code="a">Nicaragua.</subfield>
			<subfield code="b">Servicio de Consulta y Capacitación Rural.</subfield>
		</datafield>
		<datafield tag="410" ind1="1" ind2="0">
			<subfield code="a">Nicaragua.</subfield>
			<subfield code="b">Ministerio de Agricultura y Ganadería.</subfield>
			<subfield code="b">Servicio de Consulta y Capacitación Rural</subfield>
		</datafield>
		<datafield tag="410" ind1="1" ind2="0">
			<subfield code="a">Nicaragua.</subfield>
			<subfield code="b">Consulta y Capacitación Rural, Servicio de</subfield>
		</datafield>
		<datafield tag="670" ind1=" " ind2=" ">
			<subfield code="a">Informe sobre los recursos apícolas en Nicaragua, 1963:</subfield>
			<subfield code="b">t.p. (Ministerio de Agricultura y Ganadería, Servicio de Consulta y Capacitación Rural; Managua, Nicaragua)</subfield>
		</datafield>
	</record>