
	<record>
		<leader>01036cz   2200241n  4500</leader>
		<controlfield tag="001">n  84073951 </controlfield>
		<controlfield tag="003">DLC</controlfield>
		<controlfield tag="005">19990813143146.0</controlfield>
		<controlfield tag="008">840619n| acannaab           |a aaa |||  </controlfield>
		<datafield tag="010" ind1=" " ind2=" ">
			<subfield code="a">n  84073951 </subfield>
		</datafield>
		<datafield tag="040" ind1=" " ind2=" ">
			<subfield code="a">DLC</subfield>
			<subfield code="c">DLC</subfield>
			<subfield code="d">DLC</subfield>
		</datafield>
		<datafield tag="100" ind1="0" ind2="0">
			<subfield code="a">Phong Thu</subfield>
		</datafield>
		<datafield tag="400" ind1="1" ind2="0">
			<subfield code="a">Nguyã̃en, Phong Thu</subfield>
		</datafield>
		<datafield tag="400" ind1="0" ind2="0">
			<subfield code="a">Hã̀ong Trung</subfield>
		</datafield>
		<datafield tag="400" ind1="1" ind2="0">
			<subfield code="a">Vũ, Trung</subfield>
		</datafield>
		<datafield tag="400" ind1="0" ind2="0">
			<subfield code="a">Hoa Hương,</subfield>
			<subfield code="d">1934-</subfield>
		</datafield>
		<datafield tag="400" ind1="0" ind2="0">
			<subfield code="a">Hã̀ong Hương</subfield>
		</datafield>
		<datafield tag="400" ind1="0" ind2="0">
			<subfield code="a">Hã̀ong Trang</subfield>
		</datafield>
		<datafield tag="670" ind1=" " ind2=" ">
			<subfield code="a">Món quà t½̀ H¼̣p Đ½́c, 1978:</subfield>
			<subfield code="b">t.p. (Phong Thu)</subfield>
		</datafield>
		<datafield tag="670" ind1=" " ind2=" ">
			<subfield code="a">LC data base, 6-14-84</subfield>
			<subfield code="b">(hdg.: Phong Thu)</subfield>
		</datafield>
		<datafield tag="670" ind1=" " ind2=" ">
			<subfield code="a">His Gương mæ̣at thiã́eu nhi Viạ̃et Nam trong lịch s½̉ d½̣ng nư¼́c và gi½̃ nư¼́c, 1995:</subfield>
			<subfield code="b">t.p. (Phong Thu) cover p. 4 (real name: Nguyã̃en Phong Thu; b. 1934)</subfield>
		</datafield>
		<datafield tag="670" ind1=" " ind2=" ">
			<subfield code="a">Nhà văn Viạ̃et Nam hiạ̃en đại, 1997:</subfield>
			<subfield code="b">p. 650 (Phong Thu, nhà văn; real name: Nguyã̃en Phong Thu; b. 1934; pseud.: Hã̀ong Trung, Vũ Trung, Hoa Hương, Hã̀ong Hương)</subfield>
		</datafield>
		<datafield tag="670" ind1=" " ind2=" ">
			<subfield code="a">Nhà văn Hà Nạ̃oi, 1998:</subfield>
			<subfield code="b">p. 318 (Phong Thu, b. 1934; real name: Nguyã̃en Phong Thu; pseud.: Hã̀ong Trang, Vũ Trung)</subfield>
		</datafield>
	</record>