
	<record>
		<leader>00552nz   2200145n  4500</leader>
		<controlfield tag="001">n  84089284 </controlfield>
		<controlfield tag="003">DLC</controlfield>
		<controlfield tag="005">19840813000000.0</controlfield>
		<controlfield tag="008">840621n| acannaab|          |a aaa |||  </controlfield>
		<datafield tag="010" ind1=" " ind2=" ">
			<subfield code="a">n  84089284 </subfield>
		</datafield>
		<datafield tag="040" ind1=" " ind2=" ">
			<subfield code="a">DLC</subfield>
			<subfield code="c">DLC</subfield>
		</datafield>
		<datafield tag="100" ind1="1" ind2="0">
			<subfield code="a">Ceaușescu, Nicolae.</subfield>
			<subfield code="t">România pe drumul desăvîrșirii construcției socialiste.</subfield>
			<subfield code="l">Chinese.</subfield>
			<subfield code="k">Selections</subfield>
		</datafield>
		<datafield tag="400" ind1="1" ind2="0">
			<subfield code="a">Ceaușescu, Nicolae.</subfield>
			<subfield code="t">Chʿi-ao-sai-ssu-kʿu hsüan chi, 1974-1980</subfield>
		</datafield>
		<datafield tag="400" ind1="1" ind2="0">
			<subfield code="a">Ceaușescu, Nicolae.</subfield>
			<subfield code="t">Chʿi-ao-sai-ssu-kʿu hsüan chi, 1969-1973</subfield>
		</datafield>
		<datafield tag="670" ind1=" " ind2=" ">
			<subfield code="a">His Chʿi-ao-sai-ssu-kʿu hsüan chi 1974-1980, 1980.</subfield>
		</datafield>
	</record>