
	<record>
		<leader>01554cz   2200313n  4500</leader>
		<controlfield tag="001">n  84113947 </controlfield>
		<controlfield tag="003">DLC</controlfield>
		<controlfield tag="005">19980903053535.3</controlfield>
		<controlfield tag="008">840606n| acannaab|          |a aaa |||  </controlfield>
		<datafield tag="010" ind1=" " ind2=" ">
			<subfield code="a">n  84113947 </subfield>
		</datafield>
		<datafield tag="035" ind1=" " ind2=" ">
			<subfield code="a">(OCoLC)oca01119479 </subfield>
		</datafield>
		<datafield tag="040" ind1=" " ind2=" ">
			<subfield code="a">DLC</subfield>
			<subfield code="c">DLC</subfield>
			<subfield code="d">DLC</subfield>
			<subfield code="d">OCl</subfield>
			<subfield code="d">NmU</subfield>
		</datafield>
		<datafield tag="100" ind1="0" ind2="0">
			<subfield code="a">Grey Owl,</subfield>
			<subfield code="d">1888-1938</subfield>
		</datafield>
		<datafield tag="400" ind1="1" ind2="0">
			<subfield code="a">Belaney, Archie,</subfield>
			<subfield code="d">1888-1938</subfield>
		</datafield>
		<datafield tag="400" ind1="0" ind2="0">
			<subfield code="a">Szürke Bagoly,</subfield>
			<subfield code="d">1888-1938</subfield>
		</datafield>
		<datafield tag="400" ind1="0" ind2="0">
			<subfield code="a">Wäscha-kwonnesin,</subfield>
			<subfield code="d">1888-1938</subfield>
		</datafield>
		<datafield tag="400" ind1="0" ind2="0">
			<subfield code="a">Grau-Eule,</subfield>
			<subfield code="d">1888-1939</subfield>
		</datafield>
		<datafield tag="400" ind1="0" ind2="0">
			<subfield code="a">Wa-sha-quon-asin,</subfield>
			<subfield code="d">1888-1939</subfield>
		</datafield>
		<datafield tag="400" ind1="0" ind2="0">
			<subfield code="a">Grey Auru,</subfield>
			<subfield code="d">1888-1939</subfield>
		</datafield>
		<datafield tag="400" ind1="0" ind2="0">
			<subfield code="a">Harmaa Pöllö,</subfield>
			<subfield code="d">1888-1938</subfield>
		</datafield>
		<datafield tag="400" ind1="0" ind2="0">
			<subfield code="a">Grijze Uil,</subfield>
			<subfield code="d">1888-1938</subfield>
		</datafield>
		<datafield tag="400" ind1="0" ind2="0">
			<subfield code="a">Gufo Grigio,</subfield>
			<subfield code="d">1888-1938</subfield>
		</datafield>
		<datafield tag="400" ind1="0" ind2="0">
			<subfield code="a">Sira Sova,</subfield>
			<subfield code="d">1888-1938</subfield>
		</datafield>
		<datafield tag="400" ind1="0" ind2="0">
			<subfield code="a">Bufnit︠s︡a Chenushie,</subfield>
			<subfield code="d">1888-1938</subfield>
		</datafield>
		<datafield tag="670" ind1=" " ind2=" ">
			<subfield code="a">Anahareo. Devil in deerskins, 1972:</subfield>
			<subfield code="b">t.p. (Grey Owl) p. v (Englishman Archie Belaney, who became Mohawk Indian)</subfield>
		</datafield>
		<datafield tag="670" ind1=" " ind2=" ">
			<subfield code="a">Két kicsi hód, c1993:</subfield>
			<subfield code="b">t.p. (Szürke Bagoly)</subfield>
		</datafield>
		<datafield tag="670" ind1=" " ind2=" ">
			<subfield code="a">LC data base, 6/5/84</subfield>
			<subfield code="b">(hdg.: Grey Owl, 1888-1938)</subfield>
		</datafield>
		<datafield tag="670" ind1=" " ind2=" ">
			<subfield code="a">Männer der letzten Grenze, 1946:</subfield>
			<subfield code="b">t.p. (Wäscha-kwonnesin; Grau-Eule) t.p. verso (b. 1888, d. Apr. 13, 1938; half-blooded Indian (father Scottish, mother Indian); trapper, pelt hunter, canoeist; became involved in protection of Canadian wildlife)</subfield>
		</datafield>
		<datafield tag="670" ind1=" " ind2=" ">
			<subfield code="a">OCLC database, 9/2/98</subfield>
			<subfield code="b">(hdgs.: Grey Owl, 1888-1938, and Grey Owl, and Grey Owl (Apache Indian); usages: Grey Owl, Wa-sha-quon-asin, Wäscha-kwonnesin, Grau-Eule, Grey Auru, Harmaa Pöllö, Grijze Uil, Szürke Bagoly, Gufo Grigio, Sira Sova, Bufnit︠s︡a Chenushie)</subfield>
		</datafield>
	</record>