
	<record>
		<leader>00471nz   2200133n  4500</leader>
		<controlfield tag="001">n  84125938 </controlfield>
		<controlfield tag="003">DLC</controlfield>
		<controlfield tag="005">19841217164147.1</controlfield>
		<controlfield tag="008">841022n| acannaab|          |n aaa ||| b</controlfield>
		<datafield tag="010" ind1=" " ind2=" ">
			<subfield code="a">n  84125938 </subfield>
		</datafield>
		<datafield tag="040" ind1=" " ind2=" ">
			<subfield code="a">DNLM</subfield>
			<subfield code="c">DLC</subfield>
			<subfield code="d">DLC</subfield>
		</datafield>
		<datafield tag="100" ind1="1" ind2="0">
			<subfield code="a">Watanabe, Hiroki,</subfield>
			<subfield code="d">1935-</subfield>
		</datafield>
		<datafield tag="670" ind1=" " ind2=" ">
			<subfield code="a">Interventional real-time ultrasound, 1985:</subfield>
			<subfield code="b">CIP t.p. (Hiroki Watanabe, M.D.; prof. and chmn., Dept. Urol., Kyoto Prefec. Univ. Med.)</subfield>
		</datafield>
		<datafield tag="670" ind1=" " ind2=" ">
			<subfield code="a">LC data base, 10/17/84</subfield>
			<subfield code="b">(hdg.: Watanabe, Hiroki, 1935-)</subfield>
		</datafield>
	</record>