
	<record>
		<leader>00593cz   2200157n  4500</leader>
		<controlfield tag="001">n  84151001 </controlfield>
		<controlfield tag="003">DLC</controlfield>
		<controlfield tag="005">20010313071908.0</controlfield>
		<controlfield tag="008">840820nc acannaabn          |a ana      </controlfield>
		<datafield tag="010" ind1=" " ind2=" ">
			<subfield code="a">n  84151001 </subfield>
		</datafield>
		<datafield tag="035" ind1=" " ind2=" ">
			<subfield code="a">(OCoLC)oca01168078</subfield>
		</datafield>
		<datafield tag="040" ind1=" " ind2=" ">
			<subfield code="a">DLC</subfield>
			<subfield code="b">eng</subfield>
			<subfield code="c">DLC</subfield>
			<subfield code="d">DLC</subfield>
			<subfield code="d">OCoLC</subfield>
		</datafield>
		<datafield tag="110" ind1="2" ind2=" ">
			<subfield code="a">Qing hua da xue (Beijing, China).</subfield>
			<subfield code="b">Jian zhu xi.</subfield>
			<subfield code="b">Zhi tu zu</subfield>
		</datafield>
		<datafield tag="410" ind1="2" ind2=" ">
			<subfield code="a">Qing hua da xue jian zhu xi zhi tu zu (Beijing, China)</subfield>
		</datafield>
		<datafield tag="410" ind1="2" ind2=" ">
			<subfield code="w">nnea</subfield>
			<subfield code="a">Chʿing hua ta hsüeh (Beijing, China).</subfield>
			<subfield code="b">Chien chu hsi.</subfield>
			<subfield code="b">Chih tʿu tsu</subfield>
		</datafield>
		<datafield tag="670" ind1=" " ind2=" ">
			<subfield code="a">Chien chu chih tʿu ... 1982:</subfield>
			<subfield code="b">t.p. (Chʿing hua ta hsüeh chien chu hsi chih tʿu tsu)</subfield>
		</datafield>
	</record>