
	<record>
		<leader>00728cz   2200229n  4500</leader>
		<controlfield tag="001">n  84707263 </controlfield>
		<controlfield tag="003">DLC</controlfield>
		<controlfield tag="005">19840827165923.1</controlfield>
		<controlfield tag="008">840807n| acaaaaaa|          |a ana |||  </controlfield>
		<datafield tag="010" ind1=" " ind2=" ">
			<subfield code="a">n  84707263 </subfield>
		</datafield>
		<datafield tag="040" ind1=" " ind2=" ">
			<subfield code="a">DLC</subfield>
			<subfield code="c">DLC</subfield>
			<subfield code="d">DLC</subfield>
		</datafield>
		<datafield tag="130" ind1=" " ind2="0">
			<subfield code="a">Information series.</subfield>
			<subfield code="p">Technology.</subfield>
		</datafield>
		<datafield tag="410" ind1="2" ind2="0">
			<subfield code="a">Royal Scottish Museum.</subfield>
			<subfield code="t">Information series.</subfield>
			<subfield code="p">Technology</subfield>
		</datafield>
		<datafield tag="430" ind1=" " ind2="0">
			<subfield code="a">Technology</subfield>
		</datafield>
		<datafield tag="410" ind1="1" ind2="0">
			<subfield code="w">nnaa</subfield>
			<subfield code="a">Edinburgh.</subfield>
			<subfield code="b">Royal Scottish Museum.</subfield>
			<subfield code="t">Information series :</subfield>
			<subfield code="p">technology - Royal Scottish Museum</subfield>
		</datafield>
		<datafield tag="410" ind1="2" ind2="0">
			<subfield code="a">Royal Scottish Museum.</subfield>
			<subfield code="t">Technology</subfield>
		</datafield>
		<datafield tag="642" ind1=" " ind2=" ">
			<subfield code="a">2</subfield>
			<subfield code="5">DLC</subfield>
		</datafield>
		<datafield tag="643" ind1=" " ind2=" ">
			<subfield code="a">Edinburgh</subfield>
			<subfield code="b">Royal Scottish Museum</subfield>
		</datafield>
		<datafield tag="644" ind1=" " ind2=" ">
			<subfield code="a">f</subfield>
			<subfield code="5">DLC</subfield>
		</datafield>
		<datafield tag="645" ind1=" " ind2=" ">
			<subfield code="a">t</subfield>
			<subfield code="5">DLC</subfield>
		</datafield>
		<datafield tag="646" ind1=" " ind2=" ">
			<subfield code="a">s</subfield>
			<subfield code="5">DLC</subfield>
		</datafield>
		<datafield tag="670" ind1=" " ind2=" ">
			<subfield code="a">Bunyan, I. T. East Fortune, 1983:</subfield>
			<subfield code="b">p. 3 of cover</subfield>
		</datafield>
	</record>