
	<record>
		<leader>00569cz   2200193n  4500</leader>
		<controlfield tag="001">n  84743710 </controlfield>
		<controlfield tag="003">DLC</controlfield>
		<controlfield tag="005">19970911053327.7</controlfield>
		<controlfield tag="008">840419n| acaacaaa|          |n ana      </controlfield>
		<datafield tag="010" ind1=" " ind2=" ">
			<subfield code="a">n  84743710 </subfield>
		</datafield>
		<datafield tag="035" ind1=" " ind2=" ">
			<subfield code="a">(OCoLC)oca01099644 </subfield>
		</datafield>
		<datafield tag="040" ind1=" " ind2=" ">
			<subfield code="a">DLC</subfield>
			<subfield code="c">DLC</subfield>
			<subfield code="d">DLC</subfield>
			<subfield code="d">GU</subfield>
		</datafield>
		<datafield tag="130" ind1=" " ind2="0">
			<subfield code="a">Vatican collection.</subfield>
		</datafield>
		<datafield tag="642" ind1=" " ind2=" ">
			<subfield code="a">v. 2</subfield>
			<subfield code="5">DLC</subfield>
		</datafield>
		<datafield tag="643" ind1=" " ind2=" ">
			<subfield code="a">Dublin</subfield>
			<subfield code="b">Dominican Publications</subfield>
			<subfield code="a">Northport, N.Y.</subfield>
			<subfield code="b">Costello Pub. Co.</subfield>
		</datafield>
		<datafield tag="644" ind1=" " ind2=" ">
			<subfield code="a">f</subfield>
			<subfield code="5">DLC</subfield>
		</datafield>
		<datafield tag="645" ind1=" " ind2=" ">
			<subfield code="a">t</subfield>
			<subfield code="5">DLC</subfield>
		</datafield>
		<datafield tag="646" ind1=" " ind2=" ">
			<subfield code="a">s</subfield>
			<subfield code="5">DLC</subfield>
		</datafield>
		<datafield tag="670" ind1=" " ind2=" ">
			<subfield code="a">Vatican Council (2nd : 1962-1965). Vat. Council II, more postconciliar docs., c1982:</subfield>
			<subfield code="b">t.p.</subfield>
		</datafield>
	</record>