
	<record>
		<leader>00770cz   2200229n  4500</leader>
		<controlfield tag="001">n  84802440 </controlfield>
		<controlfield tag="003">DLC</controlfield>
		<controlfield tag="005">19970828152314.8</controlfield>
		<controlfield tag="008">840625n| acaaaaaa|          |a ana ||| c</controlfield>
		<datafield tag="010" ind1=" " ind2=" ">
			<subfield code="a">n  84802440 </subfield>
		</datafield>
		<datafield tag="040" ind1=" " ind2=" ">
			<subfield code="a">ICU</subfield>
			<subfield code="c">ICU</subfield>
			<subfield code="d">DLC</subfield>
			<subfield code="d">DLC-S</subfield>
			<subfield code="d">DLC</subfield>
		</datafield>
		<datafield tag="050" ind1=" " ind2=" ">
			<subfield code="a">Q180.A1</subfield>
			<subfield code="b">R36</subfield>
		</datafield>
		<datafield tag="130" ind1=" " ind2="0">
			<subfield code="a">Research memorandum (Rand Corporation)</subfield>
		</datafield>
		<datafield tag="410" ind1="2" ind2="0">
			<subfield code="w">nna</subfield>
			<subfield code="a">Rand Corporation.</subfield>
			<subfield code="t">Research memorandum</subfield>
		</datafield>
		<datafield tag="530" ind1=" " ind2="0">
			<subfield code="w">b</subfield>
			<subfield code="a">Memorandum (Rand Corporation)</subfield>
		</datafield>
		<datafield tag="642" ind1=" " ind2=" ">
			<subfield code="a">RM-1236-AEC</subfield>
			<subfield code="5">DLC</subfield>
			<subfield code="5">ICU</subfield>
		</datafield>
		<datafield tag="643" ind1=" " ind2=" ">
			<subfield code="a">Santa Monica, Calif.</subfield>
			<subfield code="b">Rand Corp.</subfield>
		</datafield>
		<datafield tag="644" ind1=" " ind2=" ">
			<subfield code="a">f</subfield>
			<subfield code="5">DLC</subfield>
			<subfield code="5">ICU</subfield>
		</datafield>
		<datafield tag="645" ind1=" " ind2=" ">
			<subfield code="a">t</subfield>
			<subfield code="5">DLC</subfield>
			<subfield code="5">ICU</subfield>
		</datafield>
		<datafield tag="646" ind1=" " ind2=" ">
			<subfield code="a">c</subfield>
			<subfield code="5">DLC</subfield>
			<subfield code="5">ICU</subfield>
		</datafield>
		<datafield tag="670" ind1=" " ind2=" ">
			<subfield code="a">LCCN 56-35648: Kahn, H. Applications of Monte Carlo, 1956.</subfield>
		</datafield>
		<datafield tag="675" ind1=" " ind2=" ">
			<subfield code="a">Perkel, D.H.  A digital-computer model of nerve-cell functioning, 1964: ser. t.p. (Memorandum)</subfield>
		</datafield>
	</record>