
	<record>
		<leader>00650cz   2200169n  4500</leader>
		<controlfield tag="001">n  86117872 </controlfield>
		<controlfield tag="003">DLC</controlfield>
		<controlfield tag="005">20010915071230.0</controlfield>
		<controlfield tag="008">861021n| acannaabn          |a ana      </controlfield>
		<datafield tag="010" ind1=" " ind2=" ">
			<subfield code="a">n  86117872 </subfield>
		</datafield>
		<datafield tag="035" ind1=" " ind2=" ">
			<subfield code="a">(OCoLC)oca01720548</subfield>
		</datafield>
		<datafield tag="040" ind1=" " ind2=" ">
			<subfield code="a">DLC</subfield>
			<subfield code="c">DLC</subfield>
			<subfield code="d">TxU</subfield>
		</datafield>
		<datafield tag="110" ind1="1" ind2=" ">
			<subfield code="a">Argentina.</subfield>
			<subfield code="b">Ministerio de Salud y Acción Social.</subfield>
		</datafield>
		<datafield tag="410" ind1="1" ind2=" ">
			<subfield code="a">Argentina.</subfield>
			<subfield code="b">Salud y Acción Social, Ministerio de</subfield>
		</datafield>
		<datafield tag="510" ind1="1" ind2=" ">
			<subfield code="w">b</subfield>
			<subfield code="a">Argentina.</subfield>
			<subfield code="b">Ministerio de Salud</subfield>
		</datafield>
		<datafield tag="670" ind1=" " ind2=" ">
			<subfield code="a">Factores biológicos y ecológicos en ... 1985- :</subfield>
			<subfield code="b">v. 1, t.p. (Ministerio de Salud y Acción Social, República Argentina)</subfield>
		</datafield>
		<datafield tag="675" ind1=" " ind2=" ">
			<subfield code="a">Argentina ... indicadores básicos, 2000: t.p. (Ministerio de Salud)</subfield>
		</datafield>
	</record>