
	<record>
		<leader>00688cz   2200169n  4500</leader>
		<controlfield tag="001">n  89636599 </controlfield>
		<controlfield tag="003">DLC</controlfield>
		<controlfield tag="005">20010915071221.0</controlfield>
		<controlfield tag="008">890627n| acannaabn          |a aaa      </controlfield>
		<datafield tag="010" ind1=" " ind2=" ">
			<subfield code="a">n  89636599 </subfield>
		</datafield>
		<datafield tag="035" ind1=" " ind2=" ">
			<subfield code="a">(OCoLC)oca02551283</subfield>
		</datafield>
		<datafield tag="040" ind1=" " ind2=" ">
			<subfield code="a">DLC</subfield>
			<subfield code="b">eng</subfield>
			<subfield code="c">DLC</subfield>
			<subfield code="d">OCoLC</subfield>
		</datafield>
		<datafield tag="100" ind1="1" ind2=" ">
			<subfield code="a">Stuckless, E. Ross</subfield>
			<subfield code="q">(Edwin Ross),</subfield>
			<subfield code="d">1934-</subfield>
		</datafield>
		<datafield tag="400" ind1="1" ind2=" ">
			<subfield code="a">Stuckless, Edwin Ross,</subfield>
			<subfield code="d">1934-</subfield>
		</datafield>
		<datafield tag="400" ind1="1" ind2=" ">
			<subfield code="a">Stuckless, Ross,</subfield>
			<subfield code="d">1934-</subfield>
		</datafield>
		<datafield tag="670" ind1=" " ind2=" ">
			<subfield code="a">nuc89-61526: Deaf people and social change, 1982</subfield>
			<subfield code="b">(hdg. on NSyU rept.: Stuckless, E. Ross; usage: Ross Stuckless)</subfield>
		</datafield>
		<datafield tag="670" ind1=" " ind2=" ">
			<subfield code="a">OCLC, Aug. 25, 2001</subfield>
			<subfield code="b">(hdg.: Stuckless, E. Ross (Edwin Ross), 1934- ; usage: E. Ross Stuckless; Edwin Ross Stuckless; E.R. Stuckless; Ross Stuckless)</subfield>
		</datafield>
	</record>