
	<record>
		<leader>00591cz   2200169n  4500</leader>
		<controlfield tag="001">n  97115749 </controlfield>
		<controlfield tag="003">DLC</controlfield>
		<controlfield tag="005">20010915071207.0</controlfield>
		<controlfield tag="008">971118n| acannaabn          |a ana      </controlfield>
		<datafield tag="010" ind1=" " ind2=" ">
			<subfield code="a">n  97115749 </subfield>
		</datafield>
		<datafield tag="035" ind1=" " ind2=" ">
			<subfield code="a">(OCoLC)oca04536550</subfield>
		</datafield>
		<datafield tag="040" ind1=" " ind2=" ">
			<subfield code="a">DLC</subfield>
			<subfield code="c">DLC</subfield>
			<subfield code="d">DLC</subfield>
			<subfield code="d">OrU</subfield>
		</datafield>
		<datafield tag="110" ind1="2" ind2=" ">
			<subfield code="a">Nuclear Free and Independent Pacific Movement</subfield>
		</datafield>
		<datafield tag="410" ind1="2" ind2=" ">
			<subfield code="a">NFIP</subfield>
		</datafield>
		<datafield tag="410" ind1="2" ind2=" ">
			<subfield code="a">NFIP Movement</subfield>
		</datafield>
		<datafield tag="670" ind1=" " ind2=" ">
			<subfield code="a">The Nuclear Free and Independent Pacific Movement, 1997 :</subfield>
			<subfield code="b">p. 1 (NFIP)</subfield>
		</datafield>
		<datafield tag="670" ind1=" " ind2=" ">
			<subfield code="a">Report of the 7th Nuclear Free and Independent Pacific Conference, 9-13 December 1996, Suva, Fiji, 1997:</subfield>
			<subfield code="b">p. 4 (NFIP Movement)</subfield>
		</datafield>
	</record>