
	<record>
		<leader>00624cz   2200169n  4500</leader>
		<controlfield tag="001">n  97922260 </controlfield>
		<controlfield tag="003">DLC</controlfield>
		<controlfield tag="005">20010915071220.0</controlfield>
		<controlfield tag="008">970825n| acannaabn          |a ana      </controlfield>
		<datafield tag="010" ind1=" " ind2=" ">
			<subfield code="a">n  97922260 </subfield>
		</datafield>
		<datafield tag="035" ind1=" " ind2=" ">
			<subfield code="a">(OCoLC)oca04547000</subfield>
		</datafield>
		<datafield tag="040" ind1=" " ind2=" ">
			<subfield code="a">DLC</subfield>
			<subfield code="c">DLC</subfield>
			<subfield code="d">InU</subfield>
		</datafield>
		<datafield tag="110" ind1="2" ind2=" ">
			<subfield code="a">Mtshur-phu Dgon (Lhasa, China)</subfield>
		</datafield>
		<datafield tag="410" ind1="2" ind2=" ">
			<subfield code="a">Mtshu-phu Dgon-pa (Lhasa, China)</subfield>
		</datafield>
		<datafield tag="410" ind1="2" ind2=" ">
			<subfield code="a">Chubusi (Lhasa, China)</subfield>
		</datafield>
		<datafield tag="670" ind1=" " ind2=" ">
			<subfield code="a">Mtshur-phu Dgon gyi dkar chag Kun gsal me loṅ, 1995:</subfield>
			<subfield code="b">t.p. (Mtshur-phu-dgon) t.p. verso (Chubusi)</subfield>
		</datafield>
		<datafield tag="670" ind1=" " ind2=" ">
			<subfield code="a">Bod Rgya tshig mdzod chen mo, 1985-:</subfield>
			<subfield code="b">v. 2, (Mtshur-phu Dgon-pa; estd. by 3rd Karmapa in North-west part of Lhasa)</subfield>
		</datafield>
	</record>