
	<record>
		<leader>00451dz   2200145n  4500</leader>
		<controlfield tag="001">n  98910790 </controlfield>
		<controlfield tag="003">DLC</controlfield>
		<controlfield tag="005">20010915164958.0</controlfield>
		<controlfield tag="008">981015n| acannaabn          |a ana      </controlfield>
		<datafield tag="010" ind1=" " ind2=" ">
			<subfield code="a">n  98910790 </subfield>
		</datafield>
		<datafield tag="040" ind1=" " ind2=" ">
			<subfield code="a">DLC</subfield>
			<subfield code="c">DLC</subfield>
		</datafield>
		<datafield tag="110" ind1="2" ind2="0">
			<subfield code="a">Paissandu (Movie theatre)</subfield>
		</datafield>
		<datafield tag="410" ind1="2" ind2="0">
			<subfield code="a">Cine Paissandu</subfield>
		</datafield>
		<datafield tag="410" ind1="2" ind2="0">
			<subfield code="a">Cinema Paissandu</subfield>
		</datafield>
		<datafield tag="670" ind1=" " ind2=" ">
			<subfield code="a">Geração Paissandu, c1996:</subfield>
			<subfield code="b">cover p. 4 (Cine Paissandu) t.p. verso (Braz. CIP: Cinema Paissandu) p. 17 (inaugurated in 1960)</subfield>
		</datafield>
	</record>