
	<record>
		<leader>00537cz   2200157n  4500</leader>
		<controlfield tag="001">n  99007266 </controlfield>
		<controlfield tag="003">DLC</controlfield>
		<controlfield tag="005">20010926063245.0</controlfield>
		<controlfield tag="008">990128n| acannaab|          |n aba      </controlfield>
		<datafield tag="010" ind1=" " ind2=" ">
			<subfield code="a">n  99007266 </subfield>
		</datafield>
		<datafield tag="040" ind1=" " ind2=" ">
			<subfield code="a">DLC</subfield>
			<subfield code="b">eng</subfield>
			<subfield code="c">DLC</subfield>
			<subfield code="d">Uk</subfield>
		</datafield>
		<datafield tag="100" ind1="1" ind2="0">
			<subfield code="a">Butler, Robert</subfield>
		</datafield>
		<datafield tag="670" ind1=" " ind2=" ">
			<subfield code="a">[Author of The American Ceramic Society]</subfield>
		</datafield>
		<datafield tag="670" ind1=" " ind2=" ">
			<subfield code="a">The American Ceramic Society, c1998:</subfield>
			<subfield code="b">t.p. verso (Robert Butler)</subfield>
		</datafield>
		<datafield tag="670" ind1=" " ind2=" ">
			<subfield code="a">[Author of EPU-5/E frequency solid state converter]</subfield>
		</datafield>
		<datafield tag="670" ind1=" " ind2=" ">
			<subfield code="a">EPU-5/E frequency solid state converter, [1998?]:</subfield>
			<subfield code="b">t.p. (Robert Butler)</subfield>
		</datafield>
	</record>