
	<record>
		<leader>00590cz   2200157n  4500</leader>
		<controlfield tag="001">n  99013699 </controlfield>
		<controlfield tag="003">DLC</controlfield>
		<controlfield tag="005">20010915071232.0</controlfield>
		<controlfield tag="008">990218n| acannaabn          |a ana      </controlfield>
		<datafield tag="010" ind1=" " ind2=" ">
			<subfield code="a">n  99013699 </subfield>
		</datafield>
		<datafield tag="035" ind1=" " ind2=" ">
			<subfield code="a">(OCoLC)oca04924353</subfield>
		</datafield>
		<datafield tag="040" ind1=" " ind2=" ">
			<subfield code="a">DLC</subfield>
			<subfield code="b">eng</subfield>
			<subfield code="c">DLC</subfield>
			<subfield code="d">DLC</subfield>
			<subfield code="d">OCoLC</subfield>
		</datafield>
		<datafield tag="110" ind1="2" ind2=" ">
			<subfield code="a">Chattanooga Area Chamber of Commerce</subfield>
		</datafield>
		<datafield tag="510" ind1="2" ind2=" ">
			<subfield code="w">a</subfield>
			<subfield code="a">Greater Chattanooga Area Chamber of Commerce</subfield>
		</datafield>
		<datafield tag="670" ind1=" " ind2=" ">
			<subfield code="a">Chattanooga, c1998:</subfield>
			<subfield code="b">t.p. (Chattanooga Area Chamber of Commerce)</subfield>
		</datafield>
		<datafield tag="675" ind1=" " ind2=" ">
			<subfield code="a">Chattanooga and tri-state area directory of manufacturers, 1977: t.p. (The Greater Chattanooga Area Chamber of Commerce)</subfield>
		</datafield>
	</record>