
	<record>
		<leader>00309cz   2200121n  4500</leader>
		<controlfield tag="001">n  99033758 </controlfield>
		<controlfield tag="003">DLC</controlfield>
		<controlfield tag="005">20010927060446.0</controlfield>
		<controlfield tag="008">990505n| acannaab|          |n aaa      </controlfield>
		<datafield tag="010" ind1=" " ind2=" ">
			<subfield code="a">n  99033758 </subfield>
		</datafield>
		<datafield tag="040" ind1=" " ind2=" ">
			<subfield code="a">DLC</subfield>
			<subfield code="b">eng</subfield>
			<subfield code="c">DLC</subfield>
			<subfield code="d">Uk</subfield>
		</datafield>
		<datafield tag="100" ind1="1" ind2="0">
			<subfield code="a">Roland, Robert</subfield>
		</datafield>
		<datafield tag="670" ind1=" " ind2=" ">
			<subfield code="a">Tabellion de Cambrai, 1996:</subfield>
			<subfield code="b">t.p. (Robert Roland)</subfield>
		</datafield>
	</record>