
	<record>
		<leader>00862cz   2200181n  4500</leader>
		<controlfield tag="001">n  99256633 </controlfield>
		<controlfield tag="003">DLC</controlfield>
		<controlfield tag="005">20010915071212.0</controlfield>
		<controlfield tag="008">990920n| acannaabn          |n aba      </controlfield>
		<datafield tag="010" ind1=" " ind2=" ">
			<subfield code="a">n  99256633 </subfield>
		</datafield>
		<datafield tag="035" ind1=" " ind2=" ">
			<subfield code="a">(OCoLC)oca05068125</subfield>
		</datafield>
		<datafield tag="040" ind1=" " ind2=" ">
			<subfield code="a">DLC</subfield>
			<subfield code="b">eng</subfield>
			<subfield code="c">DLC</subfield>
			<subfield code="d">OClW</subfield>
		</datafield>
		<datafield tag="100" ind1="1" ind2=" ">
			<subfield code="a">Jenkins, Jennifer</subfield>
		</datafield>
		<datafield tag="670" ind1=" " ind2=" ">
			<subfield code="a">[Author of The everything wedding shower book]</subfield>
		</datafield>
		<datafield tag="670" ind1=" " ind2=" ">
			<subfield code="a">Jenkins, Jennifer. The everything wedding shower book, 2000:</subfield>
			<subfield code="b">t.p. (Jennifer Jenkins)</subfield>
		</datafield>
		<datafield tag="670" ind1=" " ind2=" ">
			<subfield code="a">[Author of The phonology of English as an international language]</subfield>
		</datafield>
		<datafield tag="670" ind1=" " ind2=" ">
			<subfield code="a">The phonology of English as an international language, 2000:</subfield>
			<subfield code="b">t.p. (Jennifer Jenkins) p. 4 of cover (Co-ordinator of Teacher Education and Applied Linguistics, English Language Centre, King's College, London)</subfield>
		</datafield>
		<datafield tag="670" ind1=" " ind2=" ">
			<subfield code="a">E-mail from author, Sept. 12, 2001</subfield>
			<subfield code="b">(no middle name; does not want her date of birth used)</subfield>
		</datafield>
	</record>