
	<record>
		<leader>01114cz   2200217n  4500</leader>
		<controlfield tag="001">n  99803552 </controlfield>
		<controlfield tag="003">DLC</controlfield>
		<controlfield tag="005">20010915071214.0</controlfield>
		<controlfield tag="008">991026n| acannaabn          |a aaa      </controlfield>
		<datafield tag="010" ind1=" " ind2=" ">
			<subfield code="a">n  99803552 </subfield>
		</datafield>
		<datafield tag="035" ind1=" " ind2=" ">
			<subfield code="a">(DNLM)1082482</subfield>
		</datafield>
		<datafield tag="035" ind1=" " ind2=" ">
			<subfield code="a">(OCoLC)oca05091309</subfield>
		</datafield>
		<datafield tag="040" ind1=" " ind2=" ">
			<subfield code="a">DNLM</subfield>
			<subfield code="b">eng</subfield>
			<subfield code="c">DNLM</subfield>
			<subfield code="d">DNLM</subfield>
		</datafield>
		<datafield tag="100" ind1="1" ind2=" ">
			<subfield code="a">Imamura, Masayuki</subfield>
		</datafield>
		<datafield tag="400" ind1="1" ind2=" ">
			<subfield code="a">Imamura, M.</subfield>
			<subfield code="q">(Masayuki)</subfield>
		</datafield>
		<datafield tag="670" ind1=" " ind2=" ">
			<subfield code="a">Shōkakan no geka, 1996:</subfield>
			<subfield code="b">t.p. (Imamura Masayuki; prof., Kyōto Daigaku)</subfield>
		</datafield>
		<datafield tag="670" ind1=" " ind2=" ">
			<subfield code="a">Igaku Kenkyūsha meibo, 1996-1997:</subfield>
			<subfield code="b">p. 219 ([in Rom.] Masayuki Imamura; prof., Kyōto Daigaku Igakubu, Bunshi Igakukei, Iden Igaku Shuyō Gekagaku)</subfield>
		</datafield>
		<datafield tag="670" ind1=" " ind2=" ">
			<subfield code="a">Gastrinoma, 1998:</subfield>
			<subfield code="b">credit frame (Masayuki Imamura, M.D., F.A.C.S., Dept. of Surgery &amp; Surgical Basic Science, Grad. Sch. of Med., Kyoto Univ., Kyoto, Japan)</subfield>
		</datafield>
		<datafield tag="670" ind1=" " ind2=" ">
			<subfield code="a">NLM files, Oct. 22, 1999</subfield>
			<subfield code="b">(hdg.: Imamura, Masayuki)</subfield>
		</datafield>
		<datafield tag="670" ind1=" " ind2=" ">
			<subfield code="a">Superficial esophageal neoplasm, c2002:</subfield>
			<subfield code="b">CIP t.p. (M. Imamura) t.p. verso (Masayuki Imamura; prof., surg. and surg. basic scis., Graduate Sch. of Med., Kyoto Univ., Japan) data sheet (b. Aug. 4, 1940)</subfield>
		</datafield>
		<datafield tag="675" ind1=" " ind2=" ">
			<subfield code="a">NDL choshamei tenkyoroku, 1991.</subfield>
		</datafield>
	</record>