
	<record>
		<leader>00861cz   2200169n  4500</leader>
		<controlfield tag="001">n  99900224 </controlfield>
		<controlfield tag="003">DLC</controlfield>
		<controlfield tag="005">20010915170422.0</controlfield>
		<controlfield tag="008">990326n| acannaabn          |a ana      </controlfield>
		<datafield tag="010" ind1=" " ind2=" ">
			<subfield code="a">n  99900224 </subfield>
		</datafield>
		<datafield tag="040" ind1=" " ind2=" ">
			<subfield code="a">DLC</subfield>
			<subfield code="c">DLC</subfield>
			<subfield code="d">DLC</subfield>
		</datafield>
		<datafield tag="110" ind1="2" ind2=" ">
			<subfield code="a">Fundação de Cultura, Desporto e Turismo de São Luís</subfield>
		</datafield>
		<datafield tag="410" ind1="1" ind2=" ">
			<subfield code="a">São Luís do Maranhão (Brazil).</subfield>
			<subfield code="b">Fundação de Cultura, Desporto e Turismo</subfield>
		</datafield>
		<datafield tag="410" ind1="2" ind2=" ">
			<subfield code="a">FUNC</subfield>
		</datafield>
		<datafield tag="510" ind1="2" ind2=" ">
			<subfield code="w">b</subfield>
			<subfield code="a">FUNC (Organization : São Luís do Maranhão, Brazil)</subfield>
		</datafield>
		<datafield tag="670" ind1=" " ind2=" ">
			<subfield code="a">Coleção Cidade de São Luís ; v. 1. Cordel, 1996:</subfield>
			<subfield code="b">t.p. (Fundação de Cultura, Desporto e Turismo de São Luís) t.p. verso (Prefeitura Municipal de São Luís, Fundação de Cultura Desporto e Turismo-FUNC)</subfield>
		</datafield>
		<datafield tag="670" ind1=" " ind2=" ">
			<subfield code="a">Série Cadernos de cultura ; 1. Carnavais de São Luís, 1998:</subfield>
			<subfield code="b">t.p. verso (Prefeitura Municipal de São Luís, Fundação Municipal de Cultura-FUNC)</subfield>
		</datafield>
	</record>