
	<record>
		<leader>00733cz   2200181n  4500</leader>
		<controlfield tag="001">n  99900308 </controlfield>
		<controlfield tag="003">DLC</controlfield>
		<controlfield tag="005">20010915143830.0</controlfield>
		<controlfield tag="008">990731n| acannaabn          |a aaa      </controlfield>
		<datafield tag="010" ind1=" " ind2=" ">
			<subfield code="a">n  99900308 </subfield>
		</datafield>
		<datafield tag="040" ind1=" " ind2=" ">
			<subfield code="a">DLC</subfield>
			<subfield code="b">eng</subfield>
			<subfield code="c">DLC</subfield>
			<subfield code="d">DLC</subfield>
		</datafield>
		<datafield tag="100" ind1="1" ind2=" ">
			<subfield code="a">Reys, Manoel Martinz do Couto,</subfield>
			<subfield code="d">ca. 1750-1827</subfield>
		</datafield>
		<datafield tag="400" ind1="1" ind2=" ">
			<subfield code="a">Couto Reys, Manoel Martinz do,</subfield>
			<subfield code="d">ca. 1750-1827</subfield>
		</datafield>
		<datafield tag="400" ind1="1" ind2=" ">
			<subfield code="a">Do Couto Reys, Manoel Martinz,</subfield>
			<subfield code="d">ca. 1750-1827</subfield>
		</datafield>
		<datafield tag="400" ind1="1" ind2=" ">
			<subfield code="a">Martinz do Couto Reys, Manoel,</subfield>
			<subfield code="d">ca. 1750-1827</subfield>
		</datafield>
		<datafield tag="400" ind1="1" ind2=" ">
			<subfield code="a">Reis, Manoel Martins do Couto,</subfield>
			<subfield code="d">ca. 1750-1827</subfield>
		</datafield>
		<datafield tag="400" ind1="1" ind2=" ">
			<subfield code="a">Martins do Couto Reis, Manoel,</subfield>
			<subfield code="d">ca. 1750-1827</subfield>
		</datafield>
		<datafield tag="670" ind1=" " ind2=" ">
			<subfield code="a">Obras de Manoel Martinz do Couto Reys, 1997:</subfield>
			<subfield code="b">p. 9 (Manoel Martins do Couto Reis; b. in Santos, São Paulo, about 1750; d. in 1827)</subfield>
		</datafield>
	</record>