
	<record>
		<leader>00747dz   2200193n  4500</leader>
		<controlfield tag="001">n  99901189 </controlfield>
		<controlfield tag="003">DLC</controlfield>
		<controlfield tag="005">20010915131103.0</controlfield>
		<controlfield tag="008">990710n| acaabaaan          |a ana      </controlfield>
		<datafield tag="010" ind1=" " ind2=" ">
			<subfield code="a">n  99901189 </subfield>
		</datafield>
		<datafield tag="040" ind1=" " ind2=" ">
			<subfield code="a">DLC</subfield>
			<subfield code="b">eng</subfield>
			<subfield code="c">DLC</subfield>
		</datafield>
		<datafield tag="130" ind1=" " ind2="0">
			<subfield code="a">Coleção Edição facsimilar da Biblioteca Nacional</subfield>
		</datafield>
		<datafield tag="410" ind1="2" ind2="0">
			<subfield code="a">Biblioteca Nacional (Brazil).</subfield>
			<subfield code="b">Departamento Nacional do Livro.</subfield>
			<subfield code="t">Coleção Edição facsimilar</subfield>
		</datafield>
		<datafield tag="430" ind1=" " ind2="0">
			<subfield code="a">Edição facsimilar da Biblioteca Nacional</subfield>
		</datafield>
		<datafield tag="643" ind1=" " ind2=" ">
			<subfield code="a">Rio de Janeiro</subfield>
			<subfield code="b">Ministério da Cultura, Fundação Biblioteca Nacional, Departamento Nacional do Livro</subfield>
		</datafield>
		<datafield tag="644" ind1=" " ind2=" ">
			<subfield code="a">f</subfield>
			<subfield code="5">DLC</subfield>
		</datafield>
		<datafield tag="645" ind1=" " ind2=" ">
			<subfield code="a">t</subfield>
			<subfield code="5">DPCC</subfield>
			<subfield code="5">DLC</subfield>
		</datafield>
		<datafield tag="646" ind1=" " ind2=" ">
			<subfield code="a">s</subfield>
			<subfield code="5">DLC</subfield>
		</datafield>
		<datafield tag="670" ind1=" " ind2=" ">
			<subfield code="a">De gestis Mendi de Saa, 1997:</subfield>
			<subfield code="b">p. 9 (Coleção Edição facsimilar da Biblioteca Nacional)</subfield>
		</datafield>
	</record>