
	<record>
		<leader>00802cz   2200169n  4500</leader>
		<controlfield tag="001">n  99901314 </controlfield>
		<controlfield tag="003">DLC</controlfield>
		<controlfield tag="005">20010915162649.0</controlfield>
		<controlfield tag="008">990830n| acannaabn          |a aaa      </controlfield>
		<datafield tag="010" ind1=" " ind2=" ">
			<subfield code="a">n  99901314 </subfield>
		</datafield>
		<datafield tag="040" ind1=" " ind2=" ">
			<subfield code="a">DLC</subfield>
			<subfield code="b">eng</subfield>
			<subfield code="c">DLC</subfield>
			<subfield code="d">DLC</subfield>
		</datafield>
		<datafield tag="100" ind1="1" ind2=" ">
			<subfield code="a">Millau, Francisco,</subfield>
			<subfield code="d">1728-1805</subfield>
		</datafield>
		<datafield tag="400" ind1="1" ind2=" ">
			<subfield code="a">Millau y Maraval, Francisco José,</subfield>
			<subfield code="d">1728-1805</subfield>
		</datafield>
		<datafield tag="400" ind1="1" ind2=" ">
			<subfield code="a">Maraval, Francisco José Millau y,</subfield>
			<subfield code="d">1728-1805</subfield>
		</datafield>
		<datafield tag="400" ind1="1" ind2=" ">
			<subfield code="a">Mirabel, Francisco José Millau y,</subfield>
			<subfield code="d">1728-1805</subfield>
		</datafield>
		<datafield tag="400" ind1="1" ind2=" ">
			<subfield code="a">Miraval, Francisco José Millau y,</subfield>
			<subfield code="d">1728-1805</subfield>
		</datafield>
		<datafield tag="670" ind1=" " ind2=" ">
			<subfield code="a">El manuscrito de 1772, 1998:</subfield>
			<subfield code="b">t.p. (Francisco Millau) p. i (Francisco José Millau y Maraval) p. 45 (b. in Isla de León, 09-03-1728; son of Luis Millao and Dionisia Josefa Mirabel; mother's family name also appears as Miraval or Maraval) p. 48 (d. in Isla de León, 07-06-1805)</subfield>
		</datafield>
	</record>