
	<record>
		<leader>01025cz   2200241n  4500</leader>
		<controlfield tag="001">n  99901343 </controlfield>
		<controlfield tag="003">DLC</controlfield>
		<controlfield tag="005">20010915134818.0</controlfield>
		<controlfield tag="008">990928n| acaaaaaan          |a ana      </controlfield>
		<datafield tag="010" ind1=" " ind2=" ">
			<subfield code="a">n  99901343 </subfield>
		</datafield>
		<datafield tag="040" ind1=" " ind2=" ">
			<subfield code="a">DLC</subfield>
			<subfield code="b">eng</subfield>
			<subfield code="c">DLC</subfield>
			<subfield code="d">DLC</subfield>
		</datafield>
		<datafield tag="130" ind1=" " ind2="0">
			<subfield code="a">Conversando sobre política</subfield>
		</datafield>
		<datafield tag="430" ind1=" " ind2="0">
			<subfield code="a">Série Conversando sobre política</subfield>
		</datafield>
		<datafield tag="410" ind1="2" ind2=" ">
			<subfield code="a">Núcleo de Memória Política Carioca e Fluminense.</subfield>
			<subfield code="t">Conversando sobre política</subfield>
		</datafield>
		<datafield tag="410" ind1="2" ind2=" ">
			<subfield code="a">Rio de Janeiro (Brazil : State).</subfield>
			<subfield code="b">Assembléia Legislativa.</subfield>
			<subfield code="t">Conversando sobre política</subfield>
		</datafield>
		<datafield tag="410" ind1="2" ind2=" ">
			<subfield code="a">Fundação Getúlio Vargas.</subfield>
			<subfield code="t">Conversando sobre política</subfield>
		</datafield>
		<datafield tag="642" ind1=" " ind2=" ">
			<subfield code="a">4. v.</subfield>
			<subfield code="5">DPCC</subfield>
			<subfield code="5">DLC</subfield>
		</datafield>
		<datafield tag="643" ind1=" " ind2=" ">
			<subfield code="a">Rio de Janeiro, Brasil</subfield>
			<subfield code="b">Núcleo de Memória Política Carioca e Fluminense</subfield>
			<subfield code="b">Assembléia Legislativa do Estado do Rio de Janeiro</subfield>
			<subfield code="b">Fundação Getulio Vargas Editora</subfield>
		</datafield>
		<datafield tag="644" ind1=" " ind2=" ">
			<subfield code="a">f</subfield>
			<subfield code="5">DLC</subfield>
		</datafield>
		<datafield tag="645" ind1=" " ind2=" ">
			<subfield code="a">t</subfield>
			<subfield code="5">DPCC</subfield>
			<subfield code="5">DLC</subfield>
		</datafield>
		<datafield tag="646" ind1=" " ind2=" ">
			<subfield code="a">s</subfield>
			<subfield code="5">DLC</subfield>
		</datafield>
		<datafield tag="667" ind1=" " ind2=" ">
			<subfield code="a">Document</subfield>
		</datafield>
		<datafield tag="670" ind1=" " ind2=" ">
			<subfield code="a">Célio Borja, 1999:</subfield>
			<subfield code="b">t.p. (Conversando sobre política) p. 5 (quarto volume da série Conversando sobre política)</subfield>
		</datafield>
	</record>