
	<record>
		<leader>00684cz   2200145n  4500</leader>
		<controlfield tag="001">n 2001089056</controlfield>
		<controlfield tag="003">DLC</controlfield>
		<controlfield tag="005">20010915153949.0</controlfield>
		<controlfield tag="008">010910n| acannaabn          |a aaa      </controlfield>
		<datafield tag="010" ind1=" " ind2=" ">
			<subfield code="a">n 2001089056</subfield>
		</datafield>
		<datafield tag="040" ind1=" " ind2=" ">
			<subfield code="a">DLC</subfield>
			<subfield code="b">eng</subfield>
			<subfield code="c">DLC</subfield>
		</datafield>
		<datafield tag="100" ind1="1" ind2=" ">
			<subfield code="a">Vattel, Emer de,</subfield>
			<subfield code="d">1714-1767.</subfield>
			<subfield code="t">Droit des gens.</subfield>
			<subfield code="l">English &amp; French</subfield>
		</datafield>
		<datafield tag="400" ind1="1" ind2=" ">
			<subfield code="a">Vattel, Emer de,</subfield>
			<subfield code="d">1714-1767.</subfield>
			<subfield code="t">Droit des gens, ou, Principes de la loi naturelle, appliqués à la conduite et aux affaires des nations et des souverains</subfield>
		</datafield>
		<datafield tag="400" ind1="1" ind2=" ">
			<subfield code="a">Vattel, Emer de,</subfield>
			<subfield code="d">1714-1767.</subfield>
			<subfield code="t">Law of nations</subfield>
		</datafield>
		<datafield tag="670" ind1=" " ind2=" ">
			<subfield code="a">Vattel, Emer de. Le droit des gens, ou, Principes de la loi naturelle, appliqués à la conduite et aux affaires des nations et des souverains, 1995.</subfield>
		</datafield>
	</record>