
	<record>
		<leader>00698cz   2200145n  4500</leader>
		<controlfield tag="001">n 2001089057</controlfield>
		<controlfield tag="003">DLC</controlfield>
		<controlfield tag="005">20010915150356.0</controlfield>
		<controlfield tag="008">010913n| acannaabn          |a aaa      </controlfield>
		<datafield tag="010" ind1=" " ind2=" ">
			<subfield code="a">n 2001089057</subfield>
		</datafield>
		<datafield tag="040" ind1=" " ind2=" ">
			<subfield code="a">DLC</subfield>
			<subfield code="b">eng</subfield>
			<subfield code="c">DLC</subfield>
		</datafield>
		<datafield tag="100" ind1="1" ind2=" ">
			<subfield code="a">Pufendorf, Samuel,</subfield>
			<subfield code="c">Freiherr von,</subfield>
			<subfield code="d">1632-1694.</subfield>
			<subfield code="t">Elementorum jurisprudentiae universalis libri II</subfield>
		</datafield>
		<datafield tag="400" ind1="1" ind2=" ">
			<subfield code="a">Pufendorf, Samuel,</subfield>
			<subfield code="c">Freiherr von,</subfield>
			<subfield code="d">1632-1694.</subfield>
			<subfield code="t">Samuelis Pufendorf elementorum jurisprudentiae universalis libri II</subfield>
		</datafield>
		<datafield tag="667" ind1=" " ind2=" ">
			<subfield code="a">MESSAGE: Being canceled sg63 09-15-01</subfield>
		</datafield>
		<datafield tag="670" ind1=" " ind2=" ">
			<subfield code="a">Pufendorf, Samuel, Freiherr von. Elementorum jurisprudentiae universalis libri duo, 1995:</subfield>
			<subfield code="b">v. 1, 1672 t.p. (Samuelis Pufendorf elementorum jurisprudentiae universalis libri II)</subfield>
		</datafield>
	</record>