
	<record>
		<leader>00377nz   2200121n  4500</leader>
		<controlfield tag="001">nb2001068902</controlfield>
		<controlfield tag="003">DLC</controlfield>
		<controlfield tag="005">20010915063110.0</controlfield>
		<controlfield tag="008">010914n| acannaabn          |n aaa      </controlfield>
		<datafield tag="010" ind1=" " ind2=" ">
			<subfield code="a">nb2001068902</subfield>
		</datafield>
		<datafield tag="040" ind1=" " ind2=" ">
			<subfield code="a">Uk</subfield>
			<subfield code="b">eng</subfield>
			<subfield code="c">Uk</subfield>
		</datafield>
		<datafield tag="100" ind1="1" ind2="0">
			<subfield code="a">Petrikowski, Frank</subfield>
		</datafield>
		<datafield tag="670" ind1=" " ind2=" ">
			<subfield code="a">Einwanderungs- und Minderheitenpolitik in der direktdemokratischen Praxis Kaliforniens, 1999:</subfield>
			<subfield code="b">t.p. (Frank Petrikowski)</subfield>
		</datafield>
	</record>