
	<record>
		<leader>00330nz   2200121n  4500</leader>
		<controlfield tag="001">nb2001068907</controlfield>
		<controlfield tag="003">DLC</controlfield>
		<controlfield tag="005">20010915063111.0</controlfield>
		<controlfield tag="008">010914n| acannaabn          |n aaa      </controlfield>
		<datafield tag="010" ind1=" " ind2=" ">
			<subfield code="a">nb2001068907</subfield>
		</datafield>
		<datafield tag="040" ind1=" " ind2=" ">
			<subfield code="a">Uk</subfield>
			<subfield code="b">eng</subfield>
			<subfield code="c">Uk</subfield>
		</datafield>
		<datafield tag="100" ind1="1" ind2="0">
			<subfield code="a">Boshammer, Susanne,</subfield>
			<subfield code="d">1968-</subfield>
		</datafield>
		<datafield tag="670" ind1=" " ind2=" ">
			<subfield code="a">Halbe - Halbe? 1999:</subfield>
			<subfield code="b">t.p. (Susanne Boshammer) p.166 (born 1968)</subfield>
		</datafield>
	</record>