
	<record>
		<leader>00416nz   2200133n  4500</leader>
		<controlfield tag="001">nb2001068938</controlfield>
		<controlfield tag="003">DLC</controlfield>
		<controlfield tag="005">20010915063114.0</controlfield>
		<controlfield tag="008">010914n| acannaabn          |a aaa      </controlfield>
		<datafield tag="010" ind1=" " ind2=" ">
			<subfield code="a">nb2001068938</subfield>
		</datafield>
		<datafield tag="040" ind1=" " ind2=" ">
			<subfield code="a">Uk</subfield>
			<subfield code="b">eng</subfield>
			<subfield code="c">Uk</subfield>
		</datafield>
		<datafield tag="100" ind1="1" ind2="0">
			<subfield code="a">Bellani, A.</subfield>
			<subfield code="q">(Antonio)</subfield>
		</datafield>
		<datafield tag="400" ind1="1" ind2="0">
			<subfield code="a">Bellani, Antonio</subfield>
		</datafield>
		<datafield tag="670" ind1=" " ind2=" ">
			<subfield code="a">La sfida dello sviluppo in una società pastorale dell'Africa orientale, 1988:</subfield>
			<subfield code="b">t.p. (A. Bellani) p.107 (Antonio Bellani)</subfield>
		</datafield>
	</record>