
	<record>
		<leader>00703cz   2200193n  4500</leader>
		<controlfield tag="001">no 92012465 </controlfield>
		<controlfield tag="003">DLC</controlfield>
		<controlfield tag="005">20010915071242.0</controlfield>
		<controlfield tag="008">920514n| acannaabn          |a aaa     c</controlfield>
		<datafield tag="010" ind1=" " ind2=" ">
			<subfield code="a">no 92012465 </subfield>
		</datafield>
		<datafield tag="035" ind1=" " ind2=" ">
			<subfield code="a">(OCoLC)oca03183890</subfield>
		</datafield>
		<datafield tag="040" ind1=" " ind2=" ">
			<subfield code="a">Wa</subfield>
			<subfield code="c">Wa</subfield>
			<subfield code="d">WaU</subfield>
		</datafield>
		<datafield tag="100" ind1="1" ind2=" ">
			<subfield code="a">Leland, Robert</subfield>
		</datafield>
		<datafield tag="500" ind1="1" ind2=" ">
			<subfield code="a">Leland, Bob</subfield>
		</datafield>
		<datafield tag="667" ind1=" " ind2=" ">
			<subfield code="a">Formerly on undifferentiated name record: n  80059439</subfield>
		</datafield>
		<datafield tag="670" ind1=" " ind2=" ">
			<subfield code="a">His Steelhead investigations in Wash., 1991?:</subfield>
			<subfield code="b">t.p. (Robert Leland, State of Washington, Dept. of Wildlife)</subfield>
		</datafield>
		<datafield tag="670" ind1=" " ind2=" ">
			<subfield code="a">2000 Washington State salmonid stock inventory, 2000:</subfield>
			<subfield code="b">t.p. (Bob Leland)</subfield>
		</datafield>
		<datafield tag="670" ind1=" " ind2=" ">
			<subfield code="a">Sport fish investigations in Washington State, 2001:</subfield>
			<subfield code="b">t.p. (Bob Leland)</subfield>
		</datafield>
		<datafield tag="675" ind1=" " ind2=" ">
			<subfield code="a">AMWS, 1998-1999</subfield>
		</datafield>
	</record>