
	<record>
		<leader>00544cz   2200145n  4500</leader>
		<controlfield tag="001">no 96044450 </controlfield>
		<controlfield tag="003">DLC</controlfield>
		<controlfield tag="005">20010915071228.0</controlfield>
		<controlfield tag="008">960904n| acannaabn          |a ana     c</controlfield>
		<datafield tag="010" ind1=" " ind2=" ">
			<subfield code="a">no 96044450 </subfield>
		</datafield>
		<datafield tag="035" ind1=" " ind2=" ">
			<subfield code="a">(OCoLC)oca04153987</subfield>
		</datafield>
		<datafield tag="040" ind1=" " ind2=" ">
			<subfield code="a">OrU</subfield>
			<subfield code="b">eng</subfield>
			<subfield code="c">OrU</subfield>
			<subfield code="d">OCoLC</subfield>
		</datafield>
		<datafield tag="110" ind1="2" ind2=" ">
			<subfield code="a">University of Portland.</subfield>
			<subfield code="b">Dept. of Library Science</subfield>
		</datafield>
		<datafield tag="410" ind1="2" ind2=" ">
			<subfield code="a">University of Portland.</subfield>
			<subfield code="b">Graduate School.</subfield>
			<subfield code="b">Dept. of Library Science</subfield>
		</datafield>
		<datafield tag="670" ind1=" " ind2=" ">
			<subfield code="a">The Graduate School program in Library Science, 1965-1966:</subfield>
			<subfield code="b">cover (University of Portland) p. 4 (Department of Library Science)</subfield>
		</datafield>
	</record>