
	<record>
		<leader>00612cz   2200157n  4500</leader>
		<controlfield tag="001">no 97079680 </controlfield>
		<controlfield tag="003">DLC</controlfield>
		<controlfield tag="005">20010915071213.0</controlfield>
		<controlfield tag="008">971223n| acannaabn          |n aaa     c</controlfield>
		<datafield tag="010" ind1=" " ind2=" ">
			<subfield code="a">no 97079680 </subfield>
		</datafield>
		<datafield tag="035" ind1=" " ind2=" ">
			<subfield code="a">(OCoLC)oca04565453</subfield>
		</datafield>
		<datafield tag="040" ind1=" " ind2=" ">
			<subfield code="a">OCoLC</subfield>
			<subfield code="b">eng</subfield>
			<subfield code="c">OCoLC</subfield>
			<subfield code="d">PPi-MA</subfield>
		</datafield>
		<datafield tag="100" ind1="1" ind2=" ">
			<subfield code="a">Geminiani, Francesco,</subfield>
			<subfield code="d">1687-1762.</subfield>
			<subfield code="t">Sonatas,</subfield>
			<subfield code="m">violoncello, continuo,</subfield>
			<subfield code="n">op. 5</subfield>
		</datafield>
		<datafield tag="667" ind1=" " ind2=" ">
			<subfield code="a">Machine-derived authority record.</subfield>
		</datafield>
		<datafield tag="670" ind1=" " ind2=" ">
			<subfield code="a">LCCN 86-751025: Geminiani, F. Les six sonates op. 5 pour violoncelle et basse continue, 1984 or 1985</subfield>
		</datafield>
		<datafield tag="670" ind1=" " ind2=" ">
			<subfield code="a">New Grove, 2nd ed.</subfield>
			<subfield code="b">(op. 5. (6) sonates (A, d, C, B♭, F, a), vc, bc (Paris, 1746))</subfield>
		</datafield>
	</record>