
	<record>
		<leader>00476cz   2200157n  4500</leader>
		<controlfield tag="001">no 99052182 </controlfield>
		<controlfield tag="003">DLC</controlfield>
		<controlfield tag="005">20010915071234.0</controlfield>
		<controlfield tag="008">990722n| acannaabn          |a aaa     c</controlfield>
		<datafield tag="010" ind1=" " ind2=" ">
			<subfield code="a">no 99052182 </subfield>
		</datafield>
		<datafield tag="035" ind1=" " ind2=" ">
			<subfield code="a">(OCoLC)oca05032732</subfield>
		</datafield>
		<datafield tag="040" ind1=" " ind2=" ">
			<subfield code="a">InU</subfield>
			<subfield code="b">eng</subfield>
			<subfield code="c">InU</subfield>
			<subfield code="d">WU</subfield>
		</datafield>
		<datafield tag="100" ind1="1" ind2=" ">
			<subfield code="a">Nemec, Juraj</subfield>
		</datafield>
		<datafield tag="400" ind1="1" ind2=" ">
			<subfield code="a">Nemec, Jurij</subfield>
		</datafield>
		<datafield tag="670" ind1=" " ind2=" ">
			<subfield code="a">Public finance, 1997:</subfield>
			<subfield code="b">t.p. (Juraj Nemec, Univ. of Matej Bel, Slovakia)</subfield>
		</datafield>
		<datafield tag="670" ind1=" " ind2=" ">
			<subfield code="a">Javne finansije, 1999:</subfield>
			<subfield code="b">t.p. (Juraj Nemec) colophon (Nemec, Jurij)</subfield>
		</datafield>
	</record>