
	<record>
		<leader>01418cz   2200193n  4500</leader>
		<controlfield tag="001">no 99067367 </controlfield>
		<controlfield tag="003">DLC</controlfield>
		<controlfield tag="005">20010915071234.0</controlfield>
		<controlfield tag="008">990915n| acannaabn          |a ana     c</controlfield>
		<datafield tag="010" ind1=" " ind2=" ">
			<subfield code="a">no 99067367 </subfield>
		</datafield>
		<datafield tag="035" ind1=" " ind2=" ">
			<subfield code="a">(OCoLC)oca05064638</subfield>
		</datafield>
		<datafield tag="040" ind1=" " ind2=" ">
			<subfield code="a">DGPO</subfield>
			<subfield code="b">eng</subfield>
			<subfield code="c">DGPO</subfield>
		</datafield>
		<datafield tag="110" ind1="1" ind2=" ">
			<subfield code="a">United States.</subfield>
			<subfield code="b">Congress.</subfield>
			<subfield code="b">Senate.</subfield>
			<subfield code="b">Committee on Environment and Public Works.</subfield>
			<subfield code="b">Subcommittee on Fisheries, Wildlife, and Drinking Water</subfield>
		</datafield>
		<datafield tag="410" ind1="1" ind2=" ">
			<subfield code="a">United States.</subfield>
			<subfield code="b">Congress.</subfield>
			<subfield code="b">Senate.</subfield>
			<subfield code="b">Subcommittee on Fisheries, Wildlife, and Drinking Water</subfield>
		</datafield>
		<datafield tag="510" ind1="1" ind2=" ">
			<subfield code="w">a</subfield>
			<subfield code="a">United States.</subfield>
			<subfield code="b">Congress.</subfield>
			<subfield code="b">Senate.</subfield>
			<subfield code="b">Committee on Environment and Public Works.</subfield>
			<subfield code="b">Subcommittee on Drinking Water, Fisheries, and Wildlife</subfield>
		</datafield>
		<datafield tag="510" ind1="1" ind2=" ">
			<subfield code="w">b</subfield>
			<subfield code="a">United States.</subfield>
			<subfield code="b">Congress.</subfield>
			<subfield code="b">Senate.</subfield>
			<subfield code="b">Committee on Environment and Public Works.</subfield>
			<subfield code="b">Subcommittee on Fisheries, Wildlife, and Water</subfield>
		</datafield>
		<datafield tag="670" ind1=" " ind2=" ">
			<subfield code="a">Its Implementation of the 1996 Safe Drinking Water Act amendments, hearing ... 1999:</subfield>
			<subfield code="b">t.p. (Subcommittee on Fisheries, Wildlife and Drinking Water of the Committee on Environment and Public Works, United States Senate)</subfield>
		</datafield>
		<datafield tag="670" ind1=" " ind2=" ">
			<subfield code="a">Phone call to Committee, 9/15/1999</subfield>
			<subfield code="b">(Subcommittee on Drinking Water, Fisheries, and Wildlife became Subcommittee on Fisheries, Wildlife and Drinking Water)</subfield>
		</datafield>
		<datafield tag="670" ind1=" " ind2=" ">
			<subfield code="a">Phone call to Subcommittee on Fisheries, Wildlife and Water, 9/13/01</subfield>
			<subfield code="b">(Subcommittee on Fisheries, Wildlife, and Drinking Water became Subcommittee on Fisheries, Wildlife and Water in 2001)</subfield>
		</datafield>
	</record>