
	<record>
		<leader>00674cz   2200157n  4500</leader>
		<controlfield tag="001">no 99076856 </controlfield>
		<controlfield tag="003">DLC</controlfield>
		<controlfield tag="005">20010915071208.0</controlfield>
		<controlfield tag="008">991022nc acannaabn          |a ana      </controlfield>
		<datafield tag="010" ind1=" " ind2=" ">
			<subfield code="a">no 99076856 </subfield>
		</datafield>
		<datafield tag="035" ind1=" " ind2=" ">
			<subfield code="a">(OCoLC)oca05087306</subfield>
		</datafield>
		<datafield tag="040" ind1=" " ind2=" ">
			<subfield code="a">DLC-ON</subfield>
			<subfield code="b">eng</subfield>
			<subfield code="c">DLC-ON</subfield>
			<subfield code="d">OCoLC</subfield>
			<subfield code="d">InU</subfield>
		</datafield>
		<datafield tag="110" ind1="2" ind2=" ">
			<subfield code="a">Qinghai Sheng min jian wen yi yan jiu hui</subfield>
		</datafield>
		<datafield tag="410" ind1="2" ind2=" ">
			<subfield code="w">nne</subfield>
			<subfield code="a">Chʿing-hai sheng min chien wen i yen chiu hui</subfield>
		</datafield>
		<datafield tag="410" ind1="2" ind2=" ">
			<subfield code="a">Mtsho-sṅon Źiṅ-chen Dmaṅs-khrod Rig-rtsal Źib-ʾjug Tshogs-pa</subfield>
		</datafield>
		<datafield tag="670" ind1=" " ind2=" ">
			<subfield code="a">ʾDzam gliṅ Ge-sar Rgyal-poʾi sgruṅ ... 1997:</subfield>
			<subfield code="b">p. facing t.p. (Chʿing-hai sheng min chien wen i yen chiu hui) t.p. verso (Mtsho-sṅon Źiṅ-chen Dmaṅs-khrod Rig-rtsal Źib-ʾjug Tshogs-pa)</subfield>
		</datafield>
	</record>