
	<record>
		<leader>00550cz   2200181n  4500</leader>
		<controlfield tag="001">no 99076874 </controlfield>
		<controlfield tag="003">DLC</controlfield>
		<controlfield tag="005">20010915071208.0</controlfield>
		<controlfield tag="008">991022n| acannaabn          |a ana      </controlfield>
		<datafield tag="010" ind1=" " ind2=" ">
			<subfield code="a">no 99076874 </subfield>
		</datafield>
		<datafield tag="035" ind1=" " ind2=" ">
			<subfield code="a">(OCoLC)oca05087324</subfield>
		</datafield>
		<datafield tag="040" ind1=" " ind2=" ">
			<subfield code="a">DLC-ON</subfield>
			<subfield code="b">eng</subfield>
			<subfield code="c">DLC-ON</subfield>
			<subfield code="d">InU</subfield>
		</datafield>
		<datafield tag="130" ind1=" " ind2="0">
			<subfield code="a">Gesar.</subfield>
			<subfield code="p">A-grags gzi rdzoṅ</subfield>
		</datafield>
		<datafield tag="430" ind1=" " ind2="0">
			<subfield code="a">Gliṅ Ge-sar Rgyal-poʾi sgruṅ, A-grags gzi rdzoṅ</subfield>
		</datafield>
		<datafield tag="430" ind1=" " ind2="0">
			<subfield code="a">A-grags gzi rdzoṅ</subfield>
		</datafield>
		<datafield tag="430" ind1=" " ind2="0">
			<subfield code="a">Gesaer chuan qi, Azhamanao guo</subfield>
		</datafield>
		<datafield tag="430" ind1=" " ind2="0">
			<subfield code="a">Azhamanao guo</subfield>
		</datafield>
		<datafield tag="670" ind1=" " ind2=" ">
			<subfield code="a">Gliṅ Ge-sar Rgyal-poʾi sgruṅ, A-grags gzi rdzoṅ, 1997.</subfield>
		</datafield>
	</record>