
	<record>
		<leader>00504cz   2200133n  4500</leader>
		<controlfield tag="001">no2001046468</controlfield>
		<controlfield tag="003">DLC</controlfield>
		<controlfield tag="005">20010915071238.0</controlfield>
		<controlfield tag="008">010611n| acannaabn          |n aaa     c</controlfield>
		<datafield tag="010" ind1=" " ind2=" ">
			<subfield code="a">no2001046468</subfield>
		</datafield>
		<datafield tag="035" ind1=" " ind2=" ">
			<subfield code="a">(OCoLC)oca05508937</subfield>
		</datafield>
		<datafield tag="040" ind1=" " ind2=" ">
			<subfield code="a">ICU</subfield>
			<subfield code="b">eng</subfield>
			<subfield code="c">ICU</subfield>
			<subfield code="d">CLU</subfield>
		</datafield>
		<datafield tag="100" ind1="1" ind2=" ">
			<subfield code="a">Kennedy, Iyamu,</subfield>
			<subfield code="d">1956-</subfield>
		</datafield>
		<datafield tag="670" ind1=" " ind2=" ">
			<subfield code="a">Lucciole nere, 1999:</subfield>
			<subfield code="b">t.p. (Iyamu Kennedy) p. 4 of cover (b. 1956, Benin City, Nigeria; laureate of the Università di Torino; since 1995, the Secretary of the Union of Nigerian Associations in Italy)</subfield>
		</datafield>
	</record>