
	<record>
		<leader>00630cz   2200157n  4500</leader>
		<controlfield tag="001">no2001064208</controlfield>
		<controlfield tag="003">DLC</controlfield>
		<controlfield tag="005">20010915033206.0</controlfield>
		<controlfield tag="008">010813n| acannaabn          |a ana     c</controlfield>
		<datafield tag="010" ind1=" " ind2=" ">
			<subfield code="a">no2001064208</subfield>
		</datafield>
		<datafield tag="035" ind1=" " ind2=" ">
			<subfield code="a">(OCoLC)oca05558269</subfield>
		</datafield>
		<datafield tag="040" ind1=" " ind2=" ">
			<subfield code="a">CU</subfield>
			<subfield code="b">eng</subfield>
			<subfield code="c">CU</subfield>
			<subfield code="d">NNU</subfield>
		</datafield>
		<datafield tag="110" ind1="2" ind2=" ">
			<subfield code="a">F.A.Z.-Institut für Management-, Markt- und Medieninformationen</subfield>
		</datafield>
		<datafield tag="410" ind1="2" ind2=" ">
			<subfield code="a">Frankfurter Allgemeine Zeitung GmbH.</subfield>
			<subfield code="b">Institut für Management-, Markt- und Medieninformationen</subfield>
		</datafield>
		<datafield tag="410" ind1="2" ind2=" ">
			<subfield code="a">FAZ-Institut für Management-, Markt- und Medieninformationen</subfield>
		</datafield>
		<datafield tag="670" ind1=" " ind2=" ">
			<subfield code="a">Germany's top 500, 2001</subfield>
			<subfield code="b">t.p. (F.A.Z.-Institut für Management-, Markt- und Medieninformationen)</subfield>
		</datafield>
	</record>