
	<record>
		<leader>00382cz   2200133n  4500</leader>
		<controlfield tag="001">no2001070483</controlfield>
		<controlfield tag="003">DLC</controlfield>
		<controlfield tag="005">20010915071205.0</controlfield>
		<controlfield tag="008">010904n| acannaabn          |n aaa     c</controlfield>
		<datafield tag="010" ind1=" " ind2=" ">
			<subfield code="a">no2001070483</subfield>
		</datafield>
		<datafield tag="035" ind1=" " ind2=" ">
			<subfield code="a">(OCoLC)oca05574249</subfield>
		</datafield>
		<datafield tag="040" ind1=" " ind2=" ">
			<subfield code="a">SaPrUP</subfield>
			<subfield code="b">eng</subfield>
			<subfield code="c">SaPrUP</subfield>
		</datafield>
		<datafield tag="100" ind1="1" ind2=" ">
			<subfield code="a">Takele, Etaferahu</subfield>
		</datafield>
		<datafield tag="670" ind1=" " ind2=" ">
			<subfield code="a">Economic trends in the California avocado industry, 1984:</subfield>
			<subfield code="b">t.p. (Etaferahu Takele)</subfield>
		</datafield>
	</record>