
	<record>
		<leader>00514dz   2200133n  4500</leader>
		<controlfield tag="001">no2001070627</controlfield>
		<controlfield tag="003">DLC</controlfield>
		<controlfield tag="005">20010927103901.0</controlfield>
		<controlfield tag="008">010904n| acannaabn          |n aaa     c</controlfield>
		<datafield tag="010" ind1=" " ind2=" ">
			<subfield code="a">no2001070627</subfield>
		</datafield>
		<datafield tag="035" ind1=" " ind2=" ">
			<subfield code="a">(OCoLC)oca05574397</subfield>
		</datafield>
		<datafield tag="040" ind1=" " ind2=" ">
			<subfield code="a">DGU-L</subfield>
			<subfield code="b">eng</subfield>
			<subfield code="c">DGU-L</subfield>
		</datafield>
		<datafield tag="100" ind1="1" ind2=" ">
			<subfield code="a">Prentice, P. E. James</subfield>
		</datafield>
		<datafield tag="670" ind1=" " ind2=" ">
			<subfield code="a">Canada. Indian Claims Commission (1991-   ). Inquiry into the Treaty land entitlement claim of the Lucky Man Cree Nation, 1997:</subfield>
			<subfield code="b">(Commission Co-Chair P.E. James Prentice, QC) NLC database, 9/4/01 (James Prentice)</subfield>
		</datafield>
	</record>