
	<record>
		<leader>00476cz   2200133n  4500</leader>
		<controlfield tag="001">no2001071987</controlfield>
		<controlfield tag="003">DLC</controlfield>
		<controlfield tag="005">20010915071205.0</controlfield>
		<controlfield tag="008">010909n| acannaabn          |n ana      </controlfield>
		<datafield tag="010" ind1=" " ind2=" ">
			<subfield code="a">no2001071987</subfield>
		</datafield>
		<datafield tag="035" ind1=" " ind2=" ">
			<subfield code="a">(OCoLC)oca05578702</subfield>
		</datafield>
		<datafield tag="040" ind1=" " ind2=" ">
			<subfield code="a">DLC-ON</subfield>
			<subfield code="b">eng</subfield>
			<subfield code="c">DLC-ON</subfield>
		</datafield>
		<datafield tag="111" ind1="2" ind2=" ">
			<subfield code="a">Seminar on Women and Family in Kerala</subfield>
			<subfield code="d">(1995 :</subfield>
			<subfield code="c">University of Kerala)</subfield>
		</datafield>
		<datafield tag="670" ind1=" " ind2=" ">
			<subfield code="a">Women and family in Kerala, 1995:</subfield>
			<subfield code="b">t.p. (Seminar on Women and Family in Kerala on 24-2-1995) frwd. (at University of Kerala)</subfield>
		</datafield>
	</record>