
	<record>
		<leader>00593cz   2200181n  4500</leader>
		<controlfield tag="001">no2001072290</controlfield>
		<controlfield tag="003">DLC</controlfield>
		<controlfield tag="005">20010915071203.0</controlfield>
		<controlfield tag="008">010910n| acannaabn          |n aba     c</controlfield>
		<datafield tag="010" ind1=" " ind2=" ">
			<subfield code="a">no2001072290</subfield>
		</datafield>
		<datafield tag="035" ind1=" " ind2=" ">
			<subfield code="a">(OCoLC)oca05579233</subfield>
		</datafield>
		<datafield tag="040" ind1=" " ind2=" ">
			<subfield code="a">HkUST</subfield>
			<subfield code="b">eng</subfield>
			<subfield code="c">HkUST</subfield>
		</datafield>
		<datafield tag="100" ind1="1" ind2=" ">
			<subfield code="a">Chen, Qiang</subfield>
		</datafield>
		<datafield tag="667" ind1=" " ind2=" ">
			<subfield code="a">Formerly on undifferentiated name record: n  84017286</subfield>
		</datafield>
		<datafield tag="670" ind1=" " ind2=" ">
			<subfield code="a">[Author of Tʿien fu chih kuo]</subfield>
		</datafield>
		<datafield tag="670" ind1=" " ind2=" ">
			<subfield code="a">Kao teng shu hsüeh chien ming tʿu piao, 1982:</subfield>
			<subfield code="b">t.p. (Chʿen Chʿiang)</subfield>
		</datafield>
		<datafield tag="670" ind1=" " ind2=" ">
			<subfield code="a">[Editor of Li shih ti shun chien]</subfield>
		</datafield>
		<datafield tag="670" ind1=" " ind2=" ">
			<subfield code="a">Li shih ti shun chien, 1989:</subfield>
			<subfield code="b">t.p. (Chʿen Chʿiang)</subfield>
		</datafield>
	</record>