
	<record>
		<leader>00742cz   2200181n  4500</leader>
		<controlfield tag="001">no2001072334</controlfield>
		<controlfield tag="003">DLC</controlfield>
		<controlfield tag="005">20010915071238.0</controlfield>
		<controlfield tag="008">010911n| acannaabn          |n aba     c</controlfield>
		<datafield tag="010" ind1=" " ind2=" ">
			<subfield code="a">no2001072334</subfield>
		</datafield>
		<datafield tag="035" ind1=" " ind2=" ">
			<subfield code="a">(OCoLC)oca05579277</subfield>
		</datafield>
		<datafield tag="040" ind1=" " ind2=" ">
			<subfield code="a">HkUST</subfield>
			<subfield code="b">eng</subfield>
			<subfield code="c">HkUST</subfield>
		</datafield>
		<datafield tag="100" ind1="1" ind2=" ">
			<subfield code="a">Wang, Qun</subfield>
		</datafield>
		<datafield tag="667" ind1=" " ind2=" ">
			<subfield code="a">Formerly on undifferentiated name record: n  81025163</subfield>
		</datafield>
		<datafield tag="670" ind1=" " ind2=" ">
			<subfield code="a">[Joint author of Shui yün chʿi yeh ying yün ching chi huo tung fen hsi]</subfield>
		</datafield>
		<datafield tag="670" ind1=" " ind2=" ">
			<subfield code="a">Teng, C.Y. Shui yün chʿi yeh ying yün ... 1983:</subfield>
			<subfield code="b">t.p. (Wang Chʿün, Shang-hai hai yün hsüeh yüan)</subfield>
		</datafield>
		<datafield tag="670" ind1=" " ind2=" ">
			<subfield code="a">[Added entry of Chʿang yung tzu yin shen i tzʿu tien]</subfield>
		</datafield>
		<datafield tag="670" ind1=" " ind2=" ">
			<subfield code="a">Chʿang yung tzu yin shen i tzʿu tien, 1992:</subfield>
			<subfield code="b">t.p. (Wang Chʿün) pref. (with Shang-hai Hua tung shih ta)</subfield>
		</datafield>
	</record>