
	<record>
		<leader>00486cz   2200145n  4500</leader>
		<controlfield tag="001">no2001072338</controlfield>
		<controlfield tag="003">DLC</controlfield>
		<controlfield tag="005">20010915071238.0</controlfield>
		<controlfield tag="008">010911n| acannaabn          |n aaa     c</controlfield>
		<datafield tag="010" ind1=" " ind2=" ">
			<subfield code="a">no2001072338</subfield>
		</datafield>
		<datafield tag="035" ind1=" " ind2=" ">
			<subfield code="a">(OCoLC)oca05579281</subfield>
		</datafield>
		<datafield tag="040" ind1=" " ind2=" ">
			<subfield code="a">HkUST</subfield>
			<subfield code="b">eng</subfield>
			<subfield code="c">HkUST</subfield>
		</datafield>
		<datafield tag="100" ind1="1" ind2=" ">
			<subfield code="a">Wang, Chun</subfield>
		</datafield>
		<datafield tag="667" ind1=" " ind2=" ">
			<subfield code="a">Formerly on undifferentiated name record: n  81025163</subfield>
		</datafield>
		<datafield tag="670" ind1=" " ind2=" ">
			<subfield code="a">Hei-lung-chiang shih hsien she chih shih ... 1988:</subfield>
			<subfield code="b">t.p. (Wang Chʿun) p. 2, 1st group (w. Hei-lung-chiang sheng tang an kuan)</subfield>
		</datafield>
	</record>