
	<record>
		<leader>00594nz   2200145n  4500</leader>
		<controlfield tag="001">no2001073336</controlfield>
		<controlfield tag="003">DLC</controlfield>
		<controlfield tag="005">20010915071004.0</controlfield>
		<controlfield tag="008">010914n| acannaabn          |a ana      </controlfield>
		<datafield tag="010" ind1=" " ind2=" ">
			<subfield code="a">no2001073336</subfield>
		</datafield>
		<datafield tag="035" ind1=" " ind2=" ">
			<subfield code="a">(OCoLC)oca05581070</subfield>
		</datafield>
		<datafield tag="040" ind1=" " ind2=" ">
			<subfield code="a">DLC-ON</subfield>
			<subfield code="b">eng</subfield>
			<subfield code="c">DLC-ON</subfield>
		</datafield>
		<datafield tag="111" ind1="2" ind2=" ">
			<subfield code="a">National Conference on Conservation of Cultural Property</subfield>
		</datafield>
		<datafield tag="411" ind1="2" ind2=" ">
			<subfield code="a">Conference on Conservation of Cultural Property, National</subfield>
		</datafield>
		<datafield tag="670" ind1=" " ind2=" ">
			<subfield code="a">Care of archival materials, 1999:</subfield>
			<subfield code="b">cover (32nd National Conference on Conservation of Cultural Property held fr. 7 to 9th January, 1999 at Sarasvati Mahal Library, Thanjavur, India)</subfield>
		</datafield>
	</record>