
	<record>
		<leader>00593nz   2200145n  4500</leader>
		<controlfield tag="001">no2001073339</controlfield>
		<controlfield tag="003">DLC</controlfield>
		<controlfield tag="005">20010915071005.0</controlfield>
		<controlfield tag="008">010914n| acannaabn          |a ana      </controlfield>
		<datafield tag="010" ind1=" " ind2=" ">
			<subfield code="a">no2001073339</subfield>
		</datafield>
		<datafield tag="035" ind1=" " ind2=" ">
			<subfield code="a">(OCoLC)oca05581073</subfield>
		</datafield>
		<datafield tag="040" ind1=" " ind2=" ">
			<subfield code="a">DLC-ON</subfield>
			<subfield code="b">eng</subfield>
			<subfield code="c">DLC-ON</subfield>
		</datafield>
		<datafield tag="111" ind1="2" ind2=" ">
			<subfield code="a">Nepālī-Varṇvinyāsa-Vishayaka Adhigoshṭhī</subfield>
			<subfield code="d">(2000 :</subfield>
			<subfield code="c">Kathmandu, Nepal)</subfield>
		</datafield>
		<datafield tag="411" ind1="2" ind2=" ">
			<subfield code="a">Nepālī-Varṇvinyāsavishayaka Adhigoshṭhī</subfield>
			<subfield code="d">(2000 :</subfield>
			<subfield code="c">Kathmandu, Nepal)</subfield>
		</datafield>
		<datafield tag="670" ind1=" " ind2=" ">
			<subfield code="a">Nepālī-Varṇvinyāsa-Vishayaka Adhigoshṭhī, 2057, 2000:</subfield>
			<subfield code="b">p. 37 (Nepālī-Varṇvinyāsavishayaka Adhigoshṭhī; held in June 2000 at Kathmandu)</subfield>
		</datafield>
	</record>