
	<record>
		<leader>00425cz   2200133n  4500</leader>
		<controlfield tag="001">no2001073341</controlfield>
		<controlfield tag="003">DLC</controlfield>
		<controlfield tag="005">20010921071250.0</controlfield>
		<controlfield tag="008">010914n| acannaabn          |n aaa      </controlfield>
		<datafield tag="010" ind1=" " ind2=" ">
			<subfield code="a">no2001073341</subfield>
		</datafield>
		<datafield tag="035" ind1=" " ind2=" ">
			<subfield code="a">(OCoLC)oca05581075</subfield>
		</datafield>
		<datafield tag="040" ind1=" " ind2=" ">
			<subfield code="a">DLC-ON</subfield>
			<subfield code="b">eng</subfield>
			<subfield code="c">DLC-ON</subfield>
		</datafield>
		<datafield tag="100" ind1="0" ind2=" ">
			<subfield code="a">Svarṇakāntā</subfield>
		</datafield>
		<datafield tag="670" ind1=" " ind2=" ">
			<subfield code="a">Nanda maṇikāra, 199-:</subfield>
			<subfield code="b">cover, p. 2 (Upapravartinī Sādhvīrattna Śrī Svarṇakāntā Jī. Ma.; Śrī Svarṇakānta Jī. Ma.)</subfield>
		</datafield>
	</record>