
	<record>
		<leader>00483nz   2200145n  4500</leader>
		<controlfield tag="001">no2001073342</controlfield>
		<controlfield tag="003">DLC</controlfield>
		<controlfield tag="005">20010915071006.0</controlfield>
		<controlfield tag="008">010914n| acannaabn          |a aaa      </controlfield>
		<datafield tag="010" ind1=" " ind2=" ">
			<subfield code="a">no2001073342</subfield>
		</datafield>
		<datafield tag="035" ind1=" " ind2=" ">
			<subfield code="a">(OCoLC)oca05581076</subfield>
		</datafield>
		<datafield tag="040" ind1=" " ind2=" ">
			<subfield code="a">DLC-ON</subfield>
			<subfield code="b">eng</subfield>
			<subfield code="c">DLC-ON</subfield>
		</datafield>
		<datafield tag="100" ind1="1" ind2=" ">
			<subfield code="a">Navala, Narendra Vijaya</subfield>
		</datafield>
		<datafield tag="400" ind1="0" ind2=" ">
			<subfield code="a">Narendra Vijaya Navala</subfield>
		</datafield>
		<datafield tag="670" ind1=" " ind2=" ">
			<subfield code="a">Dharatī para svarga, 199-:</subfield>
			<subfield code="b">cover, p. 2 (Munirāja Śrī Narendra Vijaya jī "Navala" Śāstrī; Muni Śrī Narendra Vijaya jī "Navala")</subfield>
		</datafield>
	</record>