
	<record>
		<leader>00405nz   2200133n  4500</leader>
		<controlfield tag="001">no2001073345</controlfield>
		<controlfield tag="003">DLC</controlfield>
		<controlfield tag="005">20010915071006.0</controlfield>
		<controlfield tag="008">010914n| acannaabn          |n ana      </controlfield>
		<datafield tag="010" ind1=" " ind2=" ">
			<subfield code="a">no2001073345</subfield>
		</datafield>
		<datafield tag="035" ind1=" " ind2=" ">
			<subfield code="a">(OCoLC)oca05581079</subfield>
		</datafield>
		<datafield tag="040" ind1=" " ind2=" ">
			<subfield code="a">DLC-ON</subfield>
			<subfield code="b">eng</subfield>
			<subfield code="c">DLC-ON</subfield>
		</datafield>
		<datafield tag="110" ind1="2" ind2=" ">
			<subfield code="a">Malayāḷa Manōrama (Firm)</subfield>
		</datafield>
		<datafield tag="670" ind1=" " ind2=" ">
			<subfield code="a">Malayāḷattinṯe mahāvr̥kṣaṃ, 2001:</subfield>
			<subfield code="b">t.p. (Malayāḷa Manōrama; a major daily from Kerala)</subfield>
		</datafield>
	</record>