
	<record>
		<leader>00716nz   2200205n  4500</leader>
		<controlfield tag="001">no2001073348</controlfield>
		<controlfield tag="003">DLC</controlfield>
		<controlfield tag="005">20010915071007.0</controlfield>
		<controlfield tag="008">010914n| acannaabn          |a aaa      </controlfield>
		<datafield tag="010" ind1=" " ind2=" ">
			<subfield code="a">no2001073348</subfield>
		</datafield>
		<datafield tag="035" ind1=" " ind2=" ">
			<subfield code="a">(OCoLC)oca05581082</subfield>
		</datafield>
		<datafield tag="040" ind1=" " ind2=" ">
			<subfield code="a">DLC-ON</subfield>
			<subfield code="b">eng</subfield>
			<subfield code="c">DLC-ON</subfield>
		</datafield>
		<datafield tag="053" ind1=" " ind2=" ">
			<subfield code="a">PL4718.9.A</subfield>
		</datafield>
		<datafield tag="100" ind1="0" ind2=" ">
			<subfield code="a">Ahmad Muīnuddīn Añcaṅṅāṭi,</subfield>
			<subfield code="d">1968-</subfield>
		</datafield>
		<datafield tag="400" ind1="1" ind2=" ">
			<subfield code="a">Añcaṅṅāṭi, Ahmad Muīnuddīn,</subfield>
			<subfield code="d">1968-</subfield>
		</datafield>
		<datafield tag="400" ind1="0" ind2=" ">
			<subfield code="a">Ahmad Muīnuddīn,</subfield>
			<subfield code="d">1968-</subfield>
		</datafield>
		<datafield tag="400" ind1="1" ind2=" ">
			<subfield code="a">Muīnuddīn, Ahmad,</subfield>
			<subfield code="d">1968-</subfield>
		</datafield>
		<datafield tag="400" ind1="0" ind2=" ">
			<subfield code="a">Ahmd. Mueenudheen,</subfield>
			<subfield code="d">1968-</subfield>
		</datafield>
		<datafield tag="400" ind1="1" ind2=" ">
			<subfield code="a">Mueenudheen, Ahmd.,</subfield>
			<subfield code="d">1968-</subfield>
		</datafield>
		<datafield tag="670" ind1=" " ind2=" ">
			<subfield code="a">Snēhapūrvvaṃ, 2001:</subfield>
			<subfield code="b">t.p. (Ahmad Muīnuddīn Añcaṅṅāṭi) p. facing t.p. (Ahmad MuĪnuddīn; b. 1968) t.p. verso (Ahmd. Mueenudheen)</subfield>
		</datafield>
	</record>