
	<record>
		<leader>00442nz   2200145n  4500</leader>
		<controlfield tag="001">no2001073356</controlfield>
		<controlfield tag="003">DLC</controlfield>
		<controlfield tag="005">20010915071008.0</controlfield>
		<controlfield tag="008">010914n| acannaabn          |n aaa     c</controlfield>
		<datafield tag="010" ind1=" " ind2=" ">
			<subfield code="a">no2001073356</subfield>
		</datafield>
		<datafield tag="035" ind1=" " ind2=" ">
			<subfield code="a">(OCoLC)oca05581090</subfield>
		</datafield>
		<datafield tag="040" ind1=" " ind2=" ">
			<subfield code="a">SaPrUP</subfield>
			<subfield code="b">eng</subfield>
			<subfield code="c">SaPrUP</subfield>
		</datafield>
		<datafield tag="100" ind1="1" ind2=" ">
			<subfield code="a">Brown, Verna</subfield>
		</datafield>
		<datafield tag="670" ind1=" " ind2=" ">
			<subfield code="a">Love, power and meaning, 2001:</subfield>
			<subfield code="b">t.p. (Verna Brown)</subfield>
		</datafield>
		<datafield tag="670" ind1=" " ind2=" ">
			<subfield code="a">OCLC, Aug. 28, 2001</subfield>
			<subfield code="b">(hdg.: Brown, V. (Verna); Brown, Verna; usage: Verna Brown)</subfield>
		</datafield>
	</record>