
	<record>
		<leader>00459nz   2200145n  4500</leader>
		<controlfield tag="001">no2001073359</controlfield>
		<controlfield tag="003">DLC</controlfield>
		<controlfield tag="005">20010915071009.0</controlfield>
		<controlfield tag="008">010914n| acannaabn          |a aaa     c</controlfield>
		<datafield tag="010" ind1=" " ind2=" ">
			<subfield code="a">no2001073359</subfield>
		</datafield>
		<datafield tag="035" ind1=" " ind2=" ">
			<subfield code="a">(OCoLC)oca05581093</subfield>
		</datafield>
		<datafield tag="040" ind1=" " ind2=" ">
			<subfield code="a">SaPrUP</subfield>
			<subfield code="b">eng</subfield>
			<subfield code="c">SaPrUP</subfield>
		</datafield>
		<datafield tag="100" ind1="1" ind2=" ">
			<subfield code="a">Niederwieser, J. G.</subfield>
		</datafield>
		<datafield tag="400" ind1="1" ind2=" ">
			<subfield code="a">Niederwieser, Fienie</subfield>
		</datafield>
		<datafield tag="670" ind1=" " ind2=" ">
			<subfield code="a">Guide to hydroponic vegetable production, 2001:</subfield>
			<subfield code="b">t.p. (J.G. Niederwieser) p. i (Dr. Fienie Niederwieser, ARC-Roodeplaat)</subfield>
		</datafield>
	</record>