
	<record>
		<leader>00367nz   2200133n  4500</leader>
		<controlfield tag="001">no2001073360</controlfield>
		<controlfield tag="003">DLC</controlfield>
		<controlfield tag="005">20010915071009.0</controlfield>
		<controlfield tag="008">010914n| acannaabn          |n aaa     c</controlfield>
		<datafield tag="010" ind1=" " ind2=" ">
			<subfield code="a">no2001073360</subfield>
		</datafield>
		<datafield tag="035" ind1=" " ind2=" ">
			<subfield code="a">(OCoLC)oca05581094</subfield>
		</datafield>
		<datafield tag="040" ind1=" " ind2=" ">
			<subfield code="a">SaPrUP</subfield>
			<subfield code="b">eng</subfield>
			<subfield code="c">SaPrUP</subfield>
		</datafield>
		<datafield tag="100" ind1="1" ind2=" ">
			<subfield code="a">Talbert, James L.</subfield>
		</datafield>
		<datafield tag="670" ind1=" " ind2=" ">
			<subfield code="a">Surgical emergencies in the newborn, 1972:</subfield>
			<subfield code="b">t.p. (James L. Talbert)</subfield>
		</datafield>
	</record>