
	<record>
		<leader>00433nz   2200157n  4500</leader>
		<controlfield tag="001">no2001073364</controlfield>
		<controlfield tag="003">DLC</controlfield>
		<controlfield tag="005">20010915071010.0</controlfield>
		<controlfield tag="008">010914n| acannaabn          |a aaa      </controlfield>
		<datafield tag="010" ind1=" " ind2=" ">
			<subfield code="a">no2001073364</subfield>
		</datafield>
		<datafield tag="035" ind1=" " ind2=" ">
			<subfield code="a">(OCoLC)oca05581098</subfield>
		</datafield>
		<datafield tag="040" ind1=" " ind2=" ">
			<subfield code="a">DLC-ON</subfield>
			<subfield code="b">eng</subfield>
			<subfield code="c">DLC-ON</subfield>
		</datafield>
		<datafield tag="053" ind1=" " ind2=" ">
			<subfield code="a">PL4758.9.C</subfield>
		</datafield>
		<datafield tag="100" ind1="1" ind2=" ">
			<subfield code="a">CivāṈantaṈ, PoṈ.</subfield>
		</datafield>
		<datafield tag="400" ind1="1" ind2=" ">
			<subfield code="a">Sivananthan, Pon.</subfield>
		</datafield>
		<datafield tag="670" ind1=" " ind2=" ">
			<subfield code="a">PoṈ. CivāṈantaṈ kavitaikaḷ, 1999:</subfield>
			<subfield code="b">t.p. verso (Pon. Sivananthan)</subfield>
		</datafield>
	</record>