
	<record>
		<leader>00727cz   2200205n  4500</leader>
		<controlfield tag="001">no2001073366</controlfield>
		<controlfield tag="003">DLC</controlfield>
		<controlfield tag="005">20010920080359.0</controlfield>
		<controlfield tag="008">010914n| acannaabn          |a aaa      </controlfield>
		<datafield tag="010" ind1=" " ind2=" ">
			<subfield code="a">no2001073366</subfield>
		</datafield>
		<datafield tag="035" ind1=" " ind2=" ">
			<subfield code="a">(OCoLC)oca05581100</subfield>
		</datafield>
		<datafield tag="040" ind1=" " ind2=" ">
			<subfield code="a">DLC-ON</subfield>
			<subfield code="b">eng</subfield>
			<subfield code="c">DLC-ON</subfield>
		</datafield>
		<datafield tag="053" ind1=" " ind2=" ">
			<subfield code="a">PL4718.9.S</subfield>
		</datafield>
		<datafield tag="100" ind1="1" ind2=" ">
			<subfield code="a">Śaṅkaran Nāyar, Tēmpāṭṭ,</subfield>
			<subfield code="d">1918-</subfield>
		</datafield>
		<datafield tag="400" ind1="1" ind2=" ">
			<subfield code="a">Nāyar, Tēmpāṭṭ Śaṅkaran,</subfield>
			<subfield code="d">1918-</subfield>
		</datafield>
		<datafield tag="400" ind1="0" ind2=" ">
			<subfield code="a">Tēmpāṭṭ Śaṅkaran Nāyar,</subfield>
			<subfield code="d">1918-</subfield>
		</datafield>
		<datafield tag="400" ind1="1" ind2=" ">
			<subfield code="a">Sankaran Nair, Thempat,</subfield>
			<subfield code="d">1918-</subfield>
		</datafield>
		<datafield tag="400" ind1="1" ind2=" ">
			<subfield code="a">Nair, Thempat Sankaran,</subfield>
			<subfield code="d">1918-</subfield>
		</datafield>
		<datafield tag="400" ind1="0" ind2=" ">
			<subfield code="a">Thampat Sankaran Nair,</subfield>
			<subfield code="d">1918-</subfield>
		</datafield>
		<datafield tag="670" ind1=" " ind2=" ">
			<subfield code="a">Aṟivuṃ tēṭi oṯṯaykk, 2000:</subfield>
			<subfield code="b">t.p. (Tēmpāṭṭ Śaṅkaran Nāyar) p. facing t.p. (Thempat Sankaran Nair) t.p. verso (b. 1918)</subfield>
		</datafield>
	</record>