
	<record>
		<leader>00446nz   2200145n  4500</leader>
		<controlfield tag="001">no2001073367</controlfield>
		<controlfield tag="003">DLC</controlfield>
		<controlfield tag="005">20010915071011.0</controlfield>
		<controlfield tag="008">010914n| acannaabn          |a aaa      </controlfield>
		<datafield tag="010" ind1=" " ind2=" ">
			<subfield code="a">no2001073367</subfield>
		</datafield>
		<datafield tag="035" ind1=" " ind2=" ">
			<subfield code="a">(OCoLC)oca05581101</subfield>
		</datafield>
		<datafield tag="040" ind1=" " ind2=" ">
			<subfield code="a">DLC-ON</subfield>
			<subfield code="b">eng</subfield>
			<subfield code="c">DLC-ON</subfield>
		</datafield>
		<datafield tag="100" ind1="1" ind2=" ">
			<subfield code="a">Nadesan, Kumaru</subfield>
		</datafield>
		<datafield tag="400" ind1="0" ind2=" ">
			<subfield code="a">Kumaru Nadesan</subfield>
		</datafield>
		<datafield tag="670" ind1=" " ind2=" ">
			<subfield code="a">Apocrypha, can it be part of the Bible?, 2000?:</subfield>
			<subfield code="b">t.p. (Kumaru Nadesan) jkt. (masters deg. in law fr. Univ. of Bombay)</subfield>
		</datafield>
	</record>