
	<record>
		<leader>00340nz   2200133n  4500</leader>
		<controlfield tag="001">no2001073368</controlfield>
		<controlfield tag="003">DLC</controlfield>
		<controlfield tag="005">20010915071011.0</controlfield>
		<controlfield tag="008">010914n| acannaab           |n aaa     c</controlfield>
		<datafield tag="010" ind1=" " ind2=" ">
			<subfield code="a">no2001073368</subfield>
		</datafield>
		<datafield tag="035" ind1=" " ind2=" ">
			<subfield code="a">(OCoLC)oca05581102</subfield>
		</datafield>
		<datafield tag="040" ind1=" " ind2=" ">
			<subfield code="a">NjP</subfield>
			<subfield code="b">eng</subfield>
			<subfield code="c">NjP</subfield>
		</datafield>
		<datafield tag="100" ind1="1" ind2=" ">
			<subfield code="a">Yearian, Bridget</subfield>
		</datafield>
		<datafield tag="670" ind1=" " ind2=" ">
			<subfield code="a">Bontoc eulogy, 1995:</subfield>
			<subfield code="b">credits (Bridget Yearian)</subfield>
		</datafield>
	</record>