
	<record>
		<leader>00366nz   2200145n  4500</leader>
		<controlfield tag="001">no2001073420</controlfield>
		<controlfield tag="003">DLC</controlfield>
		<controlfield tag="005">20010915071020.0</controlfield>
		<controlfield tag="008">010914n| acannaabn          |a aaa     c</controlfield>
		<datafield tag="010" ind1=" " ind2=" ">
			<subfield code="a">no2001073420</subfield>
		</datafield>
		<datafield tag="035" ind1=" " ind2=" ">
			<subfield code="a">(OCoLC)oca05581769</subfield>
		</datafield>
		<datafield tag="040" ind1=" " ind2=" ">
			<subfield code="a">CoU</subfield>
			<subfield code="b">eng</subfield>
			<subfield code="c">CoU</subfield>
		</datafield>
		<datafield tag="100" ind1="0" ind2=" ">
			<subfield code="a">Plato.</subfield>
			<subfield code="t">Republic.</subfield>
			<subfield code="l">Spanish &amp; Greek</subfield>
		</datafield>
		<datafield tag="400" ind1="0" ind2=" ">
			<subfield code="a">Plato.</subfield>
			<subfield code="t">República</subfield>
		</datafield>
		<datafield tag="670" ind1=" " ind2=" ">
			<subfield code="a">La república, 2000.</subfield>
		</datafield>
	</record>