
	<record>
		<leader>00382nz   2200145n  4500</leader>
		<controlfield tag="001">no2001073427</controlfield>
		<controlfield tag="003">DLC</controlfield>
		<controlfield tag="005">20010915071022.0</controlfield>
		<controlfield tag="008">010914n| acannaabn          |a ana     c</controlfield>
		<datafield tag="010" ind1=" " ind2=" ">
			<subfield code="a">no2001073427</subfield>
		</datafield>
		<datafield tag="035" ind1=" " ind2=" ">
			<subfield code="a">(OCoLC)oca05581776</subfield>
		</datafield>
		<datafield tag="040" ind1=" " ind2=" ">
			<subfield code="a">NNC</subfield>
			<subfield code="b">eng</subfield>
			<subfield code="c">NNC</subfield>
		</datafield>
		<datafield tag="110" ind1="2" ind2=" ">
			<subfield code="a">Ambedkar Memorial Trust</subfield>
		</datafield>
		<datafield tag="410" ind1="2" ind2=" ">
			<subfield code="a">AMT</subfield>
		</datafield>
		<datafield tag="670" ind1=" " ind2=" ">
			<subfield code="a">Babasaheb Ambedkar, 1993:</subfield>
			<subfield code="b">t.p. (Ambedkar Memorial Trust; AMT)</subfield>
		</datafield>
	</record>