
	<record>
		<leader>00382nz   2200133n  4500</leader>
		<controlfield tag="001">no2001073428</controlfield>
		<controlfield tag="003">DLC</controlfield>
		<controlfield tag="005">20010915071022.0</controlfield>
		<controlfield tag="008">010914n| acannaabn          |n aaa     c</controlfield>
		<datafield tag="010" ind1=" " ind2=" ">
			<subfield code="a">no2001073428</subfield>
		</datafield>
		<datafield tag="035" ind1=" " ind2=" ">
			<subfield code="a">(OCoLC)oca05581777</subfield>
		</datafield>
		<datafield tag="040" ind1=" " ind2=" ">
			<subfield code="a">WU</subfield>
			<subfield code="b">eng</subfield>
			<subfield code="c">WU</subfield>
		</datafield>
		<datafield tag="100" ind1="1" ind2=" ">
			<subfield code="a">Acković, Vesna,</subfield>
			<subfield code="d">1963-</subfield>
		</datafield>
		<datafield tag="670" ind1=" " ind2=" ">
			<subfield code="a">Vokalna muzika roma u Jugoslaviji, 1999:</subfield>
			<subfield code="b">t.p. (Vesna Acković) back cover (b. 1963)</subfield>
		</datafield>
	</record>