
	<record>
		<leader>00363nz   2200133n  4500</leader>
		<controlfield tag="001">no2001073481</controlfield>
		<controlfield tag="003">DLC</controlfield>
		<controlfield tag="005">20010915071034.0</controlfield>
		<controlfield tag="008">010914n| acannaabn          |n aaa     c</controlfield>
		<datafield tag="010" ind1=" " ind2=" ">
			<subfield code="a">no2001073481</subfield>
		</datafield>
		<datafield tag="035" ind1=" " ind2=" ">
			<subfield code="a">(OCoLC)oca05581830</subfield>
		</datafield>
		<datafield tag="040" ind1=" " ind2=" ">
			<subfield code="a">InU</subfield>
			<subfield code="b">eng</subfield>
			<subfield code="c">InU</subfield>
		</datafield>
		<datafield tag="100" ind1="1" ind2=" ">
			<subfield code="a">Musyoka, Violet</subfield>
		</datafield>
		<datafield tag="670" ind1=" " ind2=" ">
			<subfield code="a">A study guide to The river and the source, 1998:</subfield>
			<subfield code="b">t.p. (Violet Musyoka)</subfield>
		</datafield>
	</record>