
	<record>
		<leader>00436nz   2200133n  4500</leader>
		<controlfield tag="001">no2001073484</controlfield>
		<controlfield tag="003">DLC</controlfield>
		<controlfield tag="005">20010915071034.0</controlfield>
		<controlfield tag="008">010914n| acannaabn          |n aaa     c</controlfield>
		<datafield tag="010" ind1=" " ind2=" ">
			<subfield code="a">no2001073484</subfield>
		</datafield>
		<datafield tag="035" ind1=" " ind2=" ">
			<subfield code="a">(OCoLC)oca05581833</subfield>
		</datafield>
		<datafield tag="040" ind1=" " ind2=" ">
			<subfield code="a">DJBF</subfield>
			<subfield code="b">eng</subfield>
			<subfield code="c">DJBF</subfield>
		</datafield>
		<datafield tag="100" ind1="1" ind2="0">
			<subfield code="a">Polius, Tracy</subfield>
		</datafield>
		<datafield tag="670" ind1=" " ind2=" ">
			<subfield code="a">Reserve pooling in the Eastern Caribbean Currency Union and the CFA fran zone, c2001:</subfield>
			<subfield code="b">t.p. (Tracy Polius) p. 1 (Eastern Caribbean Central Bank)</subfield>
		</datafield>
	</record>