
	<record>
		<leader>00637nz   2200157n  4500</leader>
		<controlfield tag="001">no2001073520</controlfield>
		<controlfield tag="003">DLC</controlfield>
		<controlfield tag="005">20010915071042.0</controlfield>
		<controlfield tag="008">010914n| acannaabn          |n aaa     c</controlfield>
		<datafield tag="010" ind1=" " ind2=" ">
			<subfield code="a">no2001073520</subfield>
		</datafield>
		<datafield tag="035" ind1=" " ind2=" ">
			<subfield code="a">(OCoLC)oca05581869</subfield>
		</datafield>
		<datafield tag="040" ind1=" " ind2=" ">
			<subfield code="a">MdU</subfield>
			<subfield code="b">eng</subfield>
			<subfield code="c">MdU</subfield>
		</datafield>
		<datafield tag="100" ind1="1" ind2=" ">
			<subfield code="a">Redfield, Alden</subfield>
		</datafield>
		<datafield tag="670" ind1=" " ind2=" ">
			<subfield code="a">Anthropology beyond the university, c1973:</subfield>
			<subfield code="b">t.p. (Alden Redfield) p. 133 (dir. of the Museum of Anthropology and an instr. in the Dept. of Anthropology at Univ. of Missouri)</subfield>
		</datafield>
		<datafield tag="670" ind1=" " ind2=" ">
			<subfield code="a">LC in OCLC, Aug. 20, 2001</subfield>
			<subfield code="b">(hdg.: Redfield, Alden)</subfield>
		</datafield>
		<datafield tag="670" ind1=" " ind2=" ">
			<subfield code="a">Contemp. authors, v. 77-80 (1979)</subfield>
			<subfield code="b">(Redfield, Alden; b. May 10, 1941 in Englewood, N.J.)</subfield>
		</datafield>
	</record>