
	<record>
		<leader>00491nz   2200145n  4500</leader>
		<controlfield tag="001">no2001073527</controlfield>
		<controlfield tag="003">DLC</controlfield>
		<controlfield tag="005">20010915071043.0</controlfield>
		<controlfield tag="008">010914n| acannaabn          |a ana      </controlfield>
		<datafield tag="010" ind1=" " ind2=" ">
			<subfield code="a">no2001073527</subfield>
		</datafield>
		<datafield tag="035" ind1=" " ind2=" ">
			<subfield code="a">(OCoLC)oca05581876</subfield>
		</datafield>
		<datafield tag="040" ind1=" " ind2=" ">
			<subfield code="a">DLC-S</subfield>
			<subfield code="b">eng</subfield>
			<subfield code="c">DLC-S</subfield>
		</datafield>
		<datafield tag="151" ind1=" " ind2=" ">
			<subfield code="a">Trieste (Free Territory : British-U.S. Zone)</subfield>
		</datafield>
		<datafield tag="451" ind1=" " ind2=" ">
			<subfield code="w">nnaa</subfield>
			<subfield code="a">Trieste (Free Territory. British-U. S. Zone)</subfield>
		</datafield>
		<datafield tag="670" ind1=" " ind2=" ">
			<subfield code="a">Its Official gazette, Sept. 16, 1947:</subfield>
			<subfield code="b">t.p. (British-United States Zone, Free Territory of Trieste)</subfield>
		</datafield>
	</record>