
	<record>
		<leader>00459nz   2200133n  4500</leader>
		<controlfield tag="001">no2001073528</controlfield>
		<controlfield tag="003">DLC</controlfield>
		<controlfield tag="005">20010915071043.0</controlfield>
		<controlfield tag="008">010914n| acannaabn          |n aaa     c</controlfield>
		<datafield tag="010" ind1=" " ind2=" ">
			<subfield code="a">no2001073528</subfield>
		</datafield>
		<datafield tag="035" ind1=" " ind2=" ">
			<subfield code="a">(OCoLC)oca05581877</subfield>
		</datafield>
		<datafield tag="040" ind1=" " ind2=" ">
			<subfield code="a">NRU-Mus</subfield>
			<subfield code="b">eng</subfield>
			<subfield code="c">NRU-Mus</subfield>
		</datafield>
		<datafield tag="100" ind1="1" ind2=" ">
			<subfield code="a">Bittmann, Antonius</subfield>
		</datafield>
		<datafield tag="670" ind1=" " ind2=" ">
			<subfield code="a">Negotiating past and present, 2000</subfield>
			<subfield code="b">(Antonius Bittmann) p. iii (b. Gaggenau, Germany, Feb. 5, 1963; organist, teacher of musicology and historical keyboard)</subfield>
		</datafield>
	</record>