
	<record>
		<leader>00639nz   2200157n  4500</leader>
		<controlfield tag="001">no2001073531</controlfield>
		<controlfield tag="003">DLC</controlfield>
		<controlfield tag="005">20010915071044.0</controlfield>
		<controlfield tag="008">010914n| acannaabn          |a aaa     c</controlfield>
		<datafield tag="010" ind1=" " ind2=" ">
			<subfield code="a">no2001073531</subfield>
		</datafield>
		<datafield tag="035" ind1=" " ind2=" ">
			<subfield code="a">(OCoLC)oca05581880</subfield>
		</datafield>
		<datafield tag="040" ind1=" " ind2=" ">
			<subfield code="a">MoSW-Mu</subfield>
			<subfield code="b">eng</subfield>
			<subfield code="c">MoSW-Mu</subfield>
		</datafield>
		<datafield tag="100" ind1="1" ind2=" ">
			<subfield code="a">Möller, Max,</subfield>
			<subfield code="d">1915-1985</subfield>
		</datafield>
		<datafield tag="400" ind1="1" ind2=" ">
			<subfield code="a">Möller, Guillaume Max,</subfield>
			<subfield code="d">1915-1985</subfield>
		</datafield>
		<datafield tag="670" ind1=" " ind2=" ">
			<subfield code="a">Möller, M. The violin-makers of the Low Countries (Belgium and Holland), 1955:</subfield>
			<subfield code="b">t.p. (Max Möller)</subfield>
		</datafield>
		<datafield tag="670" ind1=" " ind2=" ">
			<subfield code="a">Lütgendorff, W. Die Geigen- und Lautenmacher .... Ergänzungsband, 1990</subfield>
			<subfield code="b">(Möller, (Guillaume) Max (II); b. May 8, 1915, Amsterdam; d. Aug. 26, 1985, Huizen (NL))</subfield>
		</datafield>
	</record>