
	<record>
		<leader>00525nz   2200157n  4500</leader>
		<controlfield tag="001">no2001073581</controlfield>
		<controlfield tag="003">DLC</controlfield>
		<controlfield tag="005">20010915071053.0</controlfield>
		<controlfield tag="008">010914n| acannaabn          |a aaa     c</controlfield>
		<datafield tag="010" ind1=" " ind2=" ">
			<subfield code="a">no2001073581</subfield>
		</datafield>
		<datafield tag="035" ind1=" " ind2=" ">
			<subfield code="a">(OCoLC)oca05581930</subfield>
		</datafield>
		<datafield tag="040" ind1=" " ind2=" ">
			<subfield code="a">WaU</subfield>
			<subfield code="b">eng</subfield>
			<subfield code="c">WaU</subfield>
		</datafield>
		<datafield tag="100" ind1="1" ind2=" ">
			<subfield code="a">Boechler, Jeffrey L.</subfield>
		</datafield>
		<datafield tag="400" ind1="1" ind2=" ">
			<subfield code="a">Boechler, J. L.</subfield>
			<subfield code="q">(Jeffrey L.)</subfield>
		</datafield>
		<datafield tag="670" ind1=" " ind2=" ">
			<subfield code="a">Investigation of Nehalem River summer chinook salmon stocks, 1988:</subfield>
			<subfield code="b">t.p. (J.L. Boechler)</subfield>
		</datafield>
		<datafield tag="670" ind1=" " ind2=" ">
			<subfield code="a">OCLC, Aug. 24, 2001</subfield>
			<subfield code="b">(hdg.: Boechler, Jeffrey L.; usage: Jeffrey L. Boechler)</subfield>
		</datafield>
	</record>