
	<record>
		<leader>00443nz   2200133n  4500</leader>
		<controlfield tag="001">no2001073584</controlfield>
		<controlfield tag="003">DLC</controlfield>
		<controlfield tag="005">20010915071054.0</controlfield>
		<controlfield tag="008">010914n| acannaabn          |n aaa     c</controlfield>
		<datafield tag="010" ind1=" " ind2=" ">
			<subfield code="a">no2001073584</subfield>
		</datafield>
		<datafield tag="035" ind1=" " ind2=" ">
			<subfield code="a">(OCoLC)oca05581933</subfield>
		</datafield>
		<datafield tag="040" ind1=" " ind2=" ">
			<subfield code="a">WaU</subfield>
			<subfield code="b">eng</subfield>
			<subfield code="c">WaU</subfield>
		</datafield>
		<datafield tag="100" ind1="1" ind2=" ">
			<subfield code="a">Gaspiralı, Şefika,</subfield>
			<subfield code="d">1886-1975</subfield>
		</datafield>
		<datafield tag="670" ind1=" " ind2=" ">
			<subfield code="a">Şefika Gaspıralı ve Rusya'da Türk kadın hareketi, 1893-1920, 1998:</subfield>
			<subfield code="b">t.p. (Şefika Gaspıralı) p. 12 (b. 1886) p. 323 (d. Aug. 31, 1975)</subfield>
		</datafield>
	</record>