
	<record>
		<leader>00474nz   2200133n  4500</leader>
		<controlfield tag="001">nr2001037254</controlfield>
		<controlfield tag="003">DLC</controlfield>
		<controlfield tag="005">20010915033122.0</controlfield>
		<controlfield tag="008">010912n| acannaabn          |a aaa     c</controlfield>
		<datafield tag="010" ind1=" " ind2=" ">
			<subfield code="a">nr2001037254</subfield>
		</datafield>
		<datafield tag="040" ind1=" " ind2=" ">
			<subfield code="a">CSt</subfield>
			<subfield code="b">eng</subfield>
			<subfield code="c">CSt</subfield>
		</datafield>
		<datafield tag="100" ind1="1" ind2=" ">
			<subfield code="a">Ecker-Ehrhardt, Matthias</subfield>
		</datafield>
		<datafield tag="400" ind1="1" ind2=" ">
			<subfield code="a">Ehrhardt, Matthias Ecker-</subfield>
		</datafield>
		<datafield tag="670" ind1=" " ind2=" ">
			<subfield code="a">Deutschland und Polen, eine Werte- und Interessengemeinschaft?, 2001:</subfield>
			<subfield code="b">t.p. (Matthias Ecker-Ehrhardt) p. 4 of cover (Wissenschaftszentrum Berlin für Sozialforschung)</subfield>
		</datafield>
	</record>