
	<record>
		<leader>00479nz   2200145n  4500</leader>
		<controlfield tag="001">nr2001037260</controlfield>
		<controlfield tag="003">DLC</controlfield>
		<controlfield tag="005">20010915033122.0</controlfield>
		<controlfield tag="008">010913n| acannaabn          |a aaa     c</controlfield>
		<datafield tag="010" ind1=" " ind2=" ">
			<subfield code="a">nr2001037260</subfield>
		</datafield>
		<datafield tag="040" ind1=" " ind2=" ">
			<subfield code="a">CtY</subfield>
			<subfield code="b">eng</subfield>
			<subfield code="c">CtY</subfield>
		</datafield>
		<datafield tag="100" ind1="1" ind2=" ">
			<subfield code="a">Kuznet︠s︡ova, Asi︠a︡</subfield>
		</datafield>
		<datafield tag="400" ind1="1" ind2=" ">
			<subfield code="a">Kuznet︠s︡ova, Asi︠a︡ Robertovna</subfield>
		</datafield>
		<datafield tag="400" ind1="1" ind2=" ">
			<subfield code="a">Kuznet︠s︡ova, A. R.</subfield>
			<subfield code="q">(Asi︠a︡ Robertovna)</subfield>
		</datafield>
		<datafield tag="670" ind1=" " ind2=" ">
			<subfield code="a">Ne vecher, 2000:</subfield>
			<subfield code="b">t.p. (Asi︠a︡ Kuznet︠s︡ova) colophon (Kuznet︠s︡ova Asi︠a︡ Robertovna) copr. (Kuznet︠s︡ova A.R.)</subfield>
		</datafield>
	</record>