
	<record>
		<leader>00295nz   2200121n  4500</leader>
		<controlfield tag="001">nr2001037262</controlfield>
		<controlfield tag="003">DLC</controlfield>
		<controlfield tag="005">20010915033122.0</controlfield>
		<controlfield tag="008">010913n| acannaabn          |n aaa     c</controlfield>
		<datafield tag="010" ind1=" " ind2=" ">
			<subfield code="a">nr2001037262</subfield>
		</datafield>
		<datafield tag="040" ind1=" " ind2=" ">
			<subfield code="a">CtY</subfield>
			<subfield code="b">eng</subfield>
			<subfield code="c">CtY</subfield>
		</datafield>
		<datafield tag="100" ind1="1" ind2=" ">
			<subfield code="a">Smetella, Péter</subfield>
		</datafield>
		<datafield tag="670" ind1=" " ind2=" ">
			<subfield code="a">Vagyok, 1999:</subfield>
			<subfield code="b">t.p. (Smetella Péter)</subfield>
		</datafield>
	</record>