
	<record>
		<leader>00541nz   2200157n  4500</leader>
		<controlfield tag="001">nr2001037267</controlfield>
		<controlfield tag="003">DLC</controlfield>
		<controlfield tag="005">20010915033123.0</controlfield>
		<controlfield tag="008">010913n| acannaabn          |a aaa     c</controlfield>
		<datafield tag="010" ind1=" " ind2=" ">
			<subfield code="a">nr2001037267</subfield>
		</datafield>
		<datafield tag="040" ind1=" " ind2=" ">
			<subfield code="a">CtY</subfield>
			<subfield code="b">eng</subfield>
			<subfield code="c">CtY</subfield>
		</datafield>
		<datafield tag="100" ind1="1" ind2=" ">
			<subfield code="a">Smykova, L. G.</subfield>
			<subfield code="q">(Larisa Grigorʹevna)</subfield>
		</datafield>
		<datafield tag="400" ind1="1" ind2=" ">
			<subfield code="a">Smykova, Larisa Grigorʹevna</subfield>
		</datafield>
		<datafield tag="400" ind1="1" ind2=" ">
			<subfield code="a">Smykova, Larisa Grigorʹevna Islamova</subfield>
		</datafield>
		<datafield tag="400" ind1="1" ind2=" ">
			<subfield code="a">Islamova, Larisa Grigorʹevna</subfield>
		</datafield>
		<datafield tag="670" ind1=" " ind2=" ">
			<subfield code="a">Glazami dushi, 2000:</subfield>
			<subfield code="b">t.p. (L.G. Smykova) copr. (Larisa Grigorʹevna Smykova) p. 5 (Larisa Grigorʹevna Smykova (Islamova))</subfield>
		</datafield>
	</record>