
	<record>
		<leader>00389nz   2200133n  4500</leader>
		<controlfield tag="001">nr2001037324</controlfield>
		<controlfield tag="003">DLC</controlfield>
		<controlfield tag="005">20010915033123.0</controlfield>
		<controlfield tag="008">010913n| acannaabn          |n aaa     c</controlfield>
		<datafield tag="010" ind1=" " ind2=" ">
			<subfield code="a">nr2001037324</subfield>
		</datafield>
		<datafield tag="040" ind1=" " ind2=" ">
			<subfield code="a">NIC</subfield>
			<subfield code="b">eng</subfield>
			<subfield code="c">NIC</subfield>
		</datafield>
		<datafield tag="100" ind1="1" ind2=" ">
			<subfield code="a">Lapp, Maurice</subfield>
		</datafield>
		<datafield tag="670" ind1=" " ind2=" ">
			<subfield code="a">Maurice Lapp recent work, 1987:</subfield>
			<subfield code="b">cover (Maurice Lapp)</subfield>
		</datafield>
		<datafield tag="670" ind1=" " ind2=" ">
			<subfield code="a">RLIN, Sept. 13, 2001</subfield>
			<subfield code="b">(hdg.: Lapp, Maurice; usage: Maurice Lapp)</subfield>
		</datafield>
	</record>