
	<record>
		<leader>00542nz   2200157n  4500</leader>
		<controlfield tag="001">nr2001037326</controlfield>
		<controlfield tag="003">DLC</controlfield>
		<controlfield tag="005">20010915033123.0</controlfield>
		<controlfield tag="008">010913n| acannaabn          |a aaa     c</controlfield>
		<datafield tag="010" ind1=" " ind2=" ">
			<subfield code="a">nr2001037326</subfield>
		</datafield>
		<datafield tag="040" ind1=" " ind2=" ">
			<subfield code="a">NIC</subfield>
			<subfield code="b">eng</subfield>
			<subfield code="c">NIC</subfield>
		</datafield>
		<datafield tag="100" ind1="1" ind2=" ">
			<subfield code="a">Weyer, Johann,</subfield>
			<subfield code="d">1515-1588.</subfield>
			<subfield code="t">De praestigiis daemonum</subfield>
		</datafield>
		<datafield tag="400" ind1="1" ind2=" ">
			<subfield code="a">Weyer, Johann,</subfield>
			<subfield code="d">1515-1588.</subfield>
			<subfield code="t">De praestigiis daemonvm</subfield>
		</datafield>
		<datafield tag="400" ind1="1" ind2=" ">
			<subfield code="a">Weyer, Johann,</subfield>
			<subfield code="d">1515-1588.</subfield>
			<subfield code="t">Ioannis VVieri De praestigiis daemonvm</subfield>
		</datafield>
		<datafield tag="670" ind1=" " ind2=" ">
			<subfield code="a">His De praestigiis daemonvm, 1563</subfield>
		</datafield>
		<datafield tag="670" ind1=" " ind2=" ">
			<subfield code="a">His Ioannis VVieri De praestigiis daemonvm, 1568</subfield>
		</datafield>
	</record>