
	<record>
		<leader>00435nz   2200133n  4500</leader>
		<controlfield tag="001">nr2001037333</controlfield>
		<controlfield tag="003">DLC</controlfield>
		<controlfield tag="005">20010915033124.0</controlfield>
		<controlfield tag="008">010913n| acannaabn          |n aaa     c</controlfield>
		<datafield tag="010" ind1=" " ind2=" ">
			<subfield code="a">nr2001037333</subfield>
		</datafield>
		<datafield tag="040" ind1=" " ind2=" ">
			<subfield code="a">NIC</subfield>
			<subfield code="b">eng</subfield>
			<subfield code="c">NIC</subfield>
		</datafield>
		<datafield tag="100" ind1="1" ind2=" ">
			<subfield code="a">Einert, Paul Nicolaus</subfield>
		</datafield>
		<datafield tag="670" ind1=" " ind2=" ">
			<subfield code="a">Dissertatio De potentia diaboli in sensus, 1707:</subfield>
			<subfield code="b">t.p. (Paulus Nicolaus Einert)</subfield>
		</datafield>
		<datafield tag="670" ind1=" " ind2=" ">
			<subfield code="a">RLIN, September 11, 2001</subfield>
			<subfield code="b">(hdgs.: Einert, Paul Nicolaus; Einert, Paul Nicol)</subfield>
		</datafield>
	</record>