
	<record>
		<leader>00484nz   2200145n  4500</leader>
		<controlfield tag="001">nr2001037336</controlfield>
		<controlfield tag="003">DLC</controlfield>
		<controlfield tag="005">20010915033124.0</controlfield>
		<controlfield tag="008">010913n| acannaabn          |a aaa     c</controlfield>
		<datafield tag="010" ind1=" " ind2=" ">
			<subfield code="a">nr2001037336</subfield>
		</datafield>
		<datafield tag="040" ind1=" " ind2=" ">
			<subfield code="a">NIC</subfield>
			<subfield code="b">eng</subfield>
			<subfield code="c">NIC</subfield>
		</datafield>
		<datafield tag="100" ind1="1" ind2=" ">
			<subfield code="a">Schubart, Johann Christoph</subfield>
		</datafield>
		<datafield tag="400" ind1="1" ind2=" ">
			<subfield code="a">Schubart, Johannes Christophorus</subfield>
		</datafield>
		<datafield tag="670" ind1=" " ind2=" ">
			<subfield code="a">Dissertatio De potentia diaboli in sensus, 1707:</subfield>
			<subfield code="b">t.p. (Joh. Christophori Schubarti)</subfield>
		</datafield>
		<datafield tag="670" ind1=" " ind2=" ">
			<subfield code="a">RLIN, September 11, 2001</subfield>
			<subfield code="b">(hdg.: Schubart, Johannes Christophorus)</subfield>
		</datafield>
	</record>