
	<record>
		<leader>00400nz   2200133n  4500</leader>
		<controlfield tag="001">nr2001037344</controlfield>
		<controlfield tag="003">DLC</controlfield>
		<controlfield tag="005">20010915033125.0</controlfield>
		<controlfield tag="008">010913n| acannaabn          |n aaa     c</controlfield>
		<datafield tag="010" ind1=" " ind2=" ">
			<subfield code="a">nr2001037344</subfield>
		</datafield>
		<datafield tag="040" ind1=" " ind2=" ">
			<subfield code="a">NIC</subfield>
			<subfield code="b">eng</subfield>
			<subfield code="c">NIC</subfield>
		</datafield>
		<datafield tag="100" ind1="1" ind2=" ">
			<subfield code="a">Hunger, Albert,</subfield>
			<subfield code="d">1545-1604</subfield>
		</datafield>
		<datafield tag="670" ind1=" " ind2=" ">
			<subfield code="a">De magia these theologicae, 1574:</subfield>
			<subfield code="b">t.p. (Alberto Hvngero)</subfield>
		</datafield>
		<datafield tag="670" ind1=" " ind2=" ">
			<subfield code="a">RLIN, September 7, 2001</subfield>
			<subfield code="b">(hdg.: Hunger, Albert, 1545-1604)</subfield>
		</datafield>
	</record>