
	<record>
		<leader>00383nz   2200121n  4500</leader>
		<controlfield tag="001">nr2001037350</controlfield>
		<controlfield tag="003">DLC</controlfield>
		<controlfield tag="005">20010915033125.0</controlfield>
		<controlfield tag="008">010913n| acannaabn          |n aaa      </controlfield>
		<datafield tag="010" ind1=" " ind2=" ">
			<subfield code="a">nr2001037350</subfield>
		</datafield>
		<datafield tag="040" ind1=" " ind2=" ">
			<subfield code="a">DLC-R</subfield>
			<subfield code="b">eng</subfield>
			<subfield code="c">DLC-R</subfield>
		</datafield>
		<datafield tag="100" ind1="1" ind2=" ">
			<subfield code="a">Sugimoto, Kazuki,</subfield>
			<subfield code="d">1957-</subfield>
		</datafield>
		<datafield tag="670" ind1=" " ind2=" ">
			<subfield code="a">Nihon kodai monjo no kenkyū, 2001:</subfield>
			<subfield code="b">t.p. (Sugimoto Kazuki) colophon (r; b. 1957; w. Kunaichō Shōsōin Jimusho)</subfield>
		</datafield>
	</record>