
	<record>
		<leader>00384nz   2200133n  4500</leader>
		<controlfield tag="001">nr2001037355</controlfield>
		<controlfield tag="003">DLC</controlfield>
		<controlfield tag="005">20010915033125.0</controlfield>
		<controlfield tag="008">010913n| acannaabn          |n aaa     c</controlfield>
		<datafield tag="010" ind1=" " ind2=" ">
			<subfield code="a">nr2001037355</subfield>
		</datafield>
		<datafield tag="040" ind1=" " ind2=" ">
			<subfield code="a">NIC</subfield>
			<subfield code="b">eng</subfield>
			<subfield code="c">NIC</subfield>
		</datafield>
		<datafield tag="100" ind1="1" ind2=" ">
			<subfield code="a">Wegman, Hector</subfield>
		</datafield>
		<datafield tag="670" ind1=" " ind2=" ">
			<subfield code="a">De magia theses theologicae, 1574:</subfield>
			<subfield code="b">t.p. (Hectorem VVegman)</subfield>
		</datafield>
		<datafield tag="670" ind1=" " ind2=" ">
			<subfield code="a">NIC files, September 7, 2001</subfield>
			<subfield code="b">(hdg.: Wegman, Hector)</subfield>
		</datafield>
	</record>