
	<record>
		<leader>00523nz   2200145n  4500</leader>
		<controlfield tag="001">nr2001037356</controlfield>
		<controlfield tag="003">DLC</controlfield>
		<controlfield tag="005">20010915033125.0</controlfield>
		<controlfield tag="008">010913n| acannaabn          |a aaa     c</controlfield>
		<datafield tag="010" ind1=" " ind2=" ">
			<subfield code="a">nr2001037356</subfield>
		</datafield>
		<datafield tag="040" ind1=" " ind2=" ">
			<subfield code="a">CtY</subfield>
			<subfield code="b">eng</subfield>
			<subfield code="c">CtY</subfield>
		</datafield>
		<datafield tag="100" ind1="1" ind2=" ">
			<subfield code="a">Gorshkov, Valeriĭ,</subfield>
			<subfield code="d">1948-</subfield>
		</datafield>
		<datafield tag="400" ind1="1" ind2=" ">
			<subfield code="a">Gorshkov, Valeriĭ Ivanovich,</subfield>
			<subfield code="d">1948-</subfield>
		</datafield>
		<datafield tag="400" ind1="1" ind2=" ">
			<subfield code="a">Gorshkov, V. I.</subfield>
			<subfield code="q">(Valeriĭ Ivanovich),</subfield>
			<subfield code="d">1948-</subfield>
		</datafield>
		<datafield tag="670" ind1=" " ind2=" ">
			<subfield code="a">I︠A︡ svecheĭ ne gashu, 2000:</subfield>
			<subfield code="b">t.p. (Valeriĭ Gorshkov) colophon (Valeriĭ Ivanovich Gorshkov) p. 4 of cover (b. 1948) copr. (V.I. Gorshkov)</subfield>
		</datafield>
	</record>