
	<record>
		<leader>00445nz   2200133n  4500</leader>
		<controlfield tag="001">nr2001037357</controlfield>
		<controlfield tag="003">DLC</controlfield>
		<controlfield tag="005">20010915033126.0</controlfield>
		<controlfield tag="008">010913n| acannaabn          |n aaa     c</controlfield>
		<datafield tag="010" ind1=" " ind2=" ">
			<subfield code="a">nr2001037357</subfield>
		</datafield>
		<datafield tag="040" ind1=" " ind2=" ">
			<subfield code="a">NIC</subfield>
			<subfield code="b">eng</subfield>
			<subfield code="c">NIC</subfield>
		</datafield>
		<datafield tag="100" ind1="1" ind2=" ">
			<subfield code="a">Frobes, Johann Nikolaus,</subfield>
			<subfield code="d">1701-1756</subfield>
		</datafield>
		<datafield tag="670" ind1=" " ind2=" ">
			<subfield code="a">Iohannis Nicolai Frobesii ... Mysterivm de daemonibvs, 1748</subfield>
		</datafield>
		<datafield tag="670" ind1=" " ind2=" ">
			<subfield code="a">RLIN, September 6, 2001</subfield>
			<subfield code="b">(hdgs.: Frobes, Johann Nikolaus, 1701-1756; Frobes, Johann Niklaus)</subfield>
		</datafield>
	</record>