
	<record>
		<leader>00444nz   2200133n  4500</leader>
		<controlfield tag="001">nr2001037358</controlfield>
		<controlfield tag="003">DLC</controlfield>
		<controlfield tag="005">20010915033126.0</controlfield>
		<controlfield tag="008">010913n| acannaabn          |n aaa     c</controlfield>
		<datafield tag="010" ind1=" " ind2=" ">
			<subfield code="a">nr2001037358</subfield>
		</datafield>
		<datafield tag="040" ind1=" " ind2=" ">
			<subfield code="a">NIC</subfield>
			<subfield code="b">eng</subfield>
			<subfield code="c">NIC</subfield>
		</datafield>
		<datafield tag="100" ind1="1" ind2=" ">
			<subfield code="a">Forner, Friedrich,</subfield>
			<subfield code="d">d. 1630</subfield>
		</datafield>
		<datafield tag="670" ind1=" " ind2=" ">
			<subfield code="a">Panoplia armatvrae Dei, 1626:</subfield>
			<subfield code="b">t.p. (Friderico Fornero)</subfield>
		</datafield>
		<datafield tag="670" ind1=" " ind2=" ">
			<subfield code="a">RLIN, September 6, 2001</subfield>
			<subfield code="b">(hdgs.: Forner, Friedrich, d. 1630; Forner, Friedrich, bp. of Hebron, d. 1630)</subfield>
		</datafield>
	</record>