
	<record>
		<leader>00675cz   2200193n  4500</leader>
		<controlfield tag="001">nr2001037510</controlfield>
		<controlfield tag="003">DLC</controlfield>
		<controlfield tag="005">20010926033231.0</controlfield>
		<controlfield tag="008">010914n| acaabaaan          |n ana      </controlfield>
		<datafield tag="010" ind1=" " ind2=" ">
			<subfield code="a">nr2001037510</subfield>
		</datafield>
		<datafield tag="040" ind1=" " ind2=" ">
			<subfield code="a">DLC-R</subfield>
			<subfield code="b">eng</subfield>
			<subfield code="c">DLC-R</subfield>
			<subfield code="d">DLC-R</subfield>
		</datafield>
		<datafield tag="130" ind1=" " ind2="0">
			<subfield code="a">Changchun Shi qing yan jiu cong shu</subfield>
		</datafield>
		<datafield tag="643" ind1=" " ind2=" ">
			<subfield code="a">Changchun</subfield>
			<subfield code="b">Jilin ren min chu ban she</subfield>
			<subfield code="d">some issues</subfield>
		</datafield>
		<datafield tag="643" ind1=" " ind2=" ">
			<subfield code="a">Changchun Shi</subfield>
			<subfield code="b">Changchun chu ban she</subfield>
			<subfield code="d">some issues</subfield>
		</datafield>
		<datafield tag="644" ind1=" " ind2=" ">
			<subfield code="a">f</subfield>
			<subfield code="5">DLC-R</subfield>
		</datafield>
		<datafield tag="645" ind1=" " ind2=" ">
			<subfield code="a">t</subfield>
			<subfield code="5">DPCC</subfield>
			<subfield code="5">DLC-R</subfield>
		</datafield>
		<datafield tag="646" ind1=" " ind2=" ">
			<subfield code="a">s</subfield>
			<subfield code="5">DLC-R</subfield>
		</datafield>
		<datafield tag="670" ind1=" " ind2=" ">
			<subfield code="a">Changchun gu jin zheng qu, 1995:</subfield>
			<subfield code="b">t.p. (Changchun Shi qing yan jiu cong shu)</subfield>
		</datafield>
		<datafield tag="670" ind1=" " ind2=" ">
			<subfield code="a">Changchun cheng shi bian qian, 1998:</subfield>
			<subfield code="b">cover (Changchun Shi qing yan jiu cong shu)</subfield>
		</datafield>
	</record>