
	<record>
		<leader>00556nz   2200145n  4500</leader>
		<controlfield tag="001">nr2001037532</controlfield>
		<controlfield tag="003">DLC</controlfield>
		<controlfield tag="005">20010915033133.0</controlfield>
		<controlfield tag="008">010914n| acannaabn          |a ana      </controlfield>
		<datafield tag="010" ind1=" " ind2=" ">
			<subfield code="a">nr2001037532</subfield>
		</datafield>
		<datafield tag="040" ind1=" " ind2=" ">
			<subfield code="a">DLC-R</subfield>
			<subfield code="b">eng</subfield>
			<subfield code="c">DLC-R</subfield>
		</datafield>
		<datafield tag="130" ind1=" " ind2="0">
			<subfield code="a">Hagadat Amśṭerdam</subfield>
		</datafield>
		<datafield tag="530" ind1=" " ind2="0">
			<subfield code="a">Haggadah (Ms. Hagadat Amśṭerdam)</subfield>
		</datafield>
		<datafield tag="667" ind1=" " ind2=" ">
			<subfield code="a">Heading represents the manuscript as a physical entity, including its decoration; for textual contents of the ms. use: Haggadah (Ms. Hagadat Amśṭerdam, 1712)</subfield>
		</datafield>
		<datafield tag="670" ind1=" " ind2=" ">
			<subfield code="a">Hagadah shel Pesaħ, 1989?:</subfield>
			<subfield code="b">t.p. (Hagadat Amśṭerdam ... 1712)</subfield>
		</datafield>
	</record>