
	<record>
		<leader>00364nz   2200133n  4500</leader>
		<controlfield tag="001">nr2001037553</controlfield>
		<controlfield tag="003">DLC</controlfield>
		<controlfield tag="005">20010915033134.0</controlfield>
		<controlfield tag="008">010914n| acannaabn          |a aaa     c</controlfield>
		<datafield tag="010" ind1=" " ind2=" ">
			<subfield code="a">nr2001037553</subfield>
		</datafield>
		<datafield tag="040" ind1=" " ind2=" ">
			<subfield code="a">CSt</subfield>
			<subfield code="b">eng</subfield>
			<subfield code="c">CSt</subfield>
		</datafield>
		<datafield tag="100" ind1="1" ind2=" ">
			<subfield code="a">Mashinskai︠a︡, Irina.</subfield>
			<subfield code="t">Poems.</subfield>
			<subfield code="k">Selections</subfield>
		</datafield>
		<datafield tag="400" ind1="1" ind2=" ">
			<subfield code="a">Mashinskai︠a︡, Irina.</subfield>
			<subfield code="t">Stikhotvorenii︠a︡</subfield>
		</datafield>
		<datafield tag="670" ind1=" " ind2=" ">
			<subfield code="a">Stikhotvorenii︠a︡, 2001.</subfield>
		</datafield>
	</record>