
	<record>
		<leader>01024nz   2200229n  4500</leader>
		<controlfield tag="001">nr2001037568</controlfield>
		<controlfield tag="003">DLC</controlfield>
		<controlfield tag="005">20010915033135.0</controlfield>
		<controlfield tag="008">010914n| acaabaaan          |a ana     c</controlfield>
		<datafield tag="010" ind1=" " ind2=" ">
			<subfield code="a">nr2001037568</subfield>
		</datafield>
		<datafield tag="040" ind1=" " ind2=" ">
			<subfield code="a">CSt</subfield>
			<subfield code="b">eng</subfield>
			<subfield code="c">CSt</subfield>
		</datafield>
		<datafield tag="130" ind1=" " ind2="0">
			<subfield code="a">Innocenti insight</subfield>
		</datafield>
		<datafield tag="430" ind1=" " ind2="0">
			<subfield code="a">UNICEF Innocenti insight</subfield>
		</datafield>
		<datafield tag="430" ind1=" " ind2="0">
			<subfield code="a">Innocenti insights</subfield>
		</datafield>
		<datafield tag="410" ind1="2" ind2=" ">
			<subfield code="a">UNICEF.</subfield>
			<subfield code="b">International Child Development Centre.</subfield>
			<subfield code="t">Innocenti insight</subfield>
		</datafield>
		<datafield tag="643" ind1=" " ind2=" ">
			<subfield code="a">Florence, Italy</subfield>
			<subfield code="b">United Nations Children's Fund, Innocenti Research Centre</subfield>
		</datafield>
		<datafield tag="644" ind1=" " ind2=" ">
			<subfield code="a">f</subfield>
			<subfield code="5">CSt</subfield>
		</datafield>
		<datafield tag="645" ind1=" " ind2=" ">
			<subfield code="a">t</subfield>
			<subfield code="5">DPCC</subfield>
			<subfield code="5">CSt</subfield>
		</datafield>
		<datafield tag="646" ind1=" " ind2=" ">
			<subfield code="a">s</subfield>
			<subfield code="5">CSt</subfield>
		</datafield>
		<datafield tag="670" ind1=" " ind2=" ">
			<subfield code="a">Beyond Krismon, 2000:</subfield>
			<subfield code="b">t.p. (Innocenti insight / UNICEF)</subfield>
		</datafield>
		<datafield tag="670" ind1=" " ind2=" ">
			<subfield code="a">RLIN, Sept. 14, 2001</subfield>
			<subfield code="b">(hdg. and usage: Innocenti insights; Innocenti insight; UNICEF Innocenti insight)</subfield>
		</datafield>
		<datafield tag="670" ind1=" " ind2=" ">
			<subfield code="a">Innocenti Research Centre WWW home page:</subfield>
			<subfield code="b">publications catalog (Innocenti insight; PDF versions of publications show t.p. presentation "Innocenti insight"; series is numbered in publications catalog, but numbers do not appear on the publications)</subfield>
		</datafield>
	</record>
</collection>
